3038 4876
261 707 298 765 28
505 665 510 674 ’
655 706 854 768 castrus
1199 705 1262 790 [1³

259 829 420 892 sententias
440 829 601 914 memoriae
622 830 769 904 mandavi,
784 850 858 907 quas
878 831 937 890 hoc
953 830 1028 891 libro
1049 832 1172 908 exposui
1190 834 1265 894 arbi-

258 937 336 988 tratu
350 947 437 988 meo:
458 927 543 1005 quasi
562 926 641 987 enim
662 927 742 1004 ipsos
762 927 865 987 induxi
884 928 1042 1004 loquentis,
1062 947 1100 988 ne
1116 928 1265 1006 ‘inquam'

258 1035 289 1086 et
303 1024 424 1102 ‘inquit’
438 1024 554 1102 saepius
569 1025 805 1103 interponeretur
818 1036 908 1101 atque
922 1035 954 1085 ut
974 1035 1127 1101 tamquam
1145 1045 1164 1086 a
1182 1045 1264 1104 prae-

225 1123 393 1185 4sentibus
413 1143 515 1184 coram
533 1123 636 1184 haberi
654 1143 752 1185 sermo
770 1122 926 1184 videretur.
969 1123 1047 1184 Cum
1070 1122 1151 1182 enim
1174 1143 1264 1202 saepe

260 1243 379 1286 mecum
395 1242 504 1302 ageres,
520 1233 553 1284 ut
572 1224 610 1284 de
630 1223 761 1285 amicitia
774 1223 932 1284 scriberem
947 1220 1069 1300 aliquid,
1085 1222 1176 1301 digna
1189 1222 1263 1284 mihi
1293 1255 1305 1294 5

259 1342 306 1384 res
320 1341 388 1382 cum
402 1321 536 1382 omnium
550 1321 720 1399 cognitione
734 1331 798 1382 tum
811 1332 911 1382 nostra
921 1320 1116 1382 familiaritate
1127 1321 1191 1383 visa
1205 1332 1250 1383 est
1255 1344 1264 1398 3

259 1419 361 1498 itaque
373 1417 430 1479 feci
444 1437 505 1478 non
520 1416 629 1479 invitus
642 1427 676 1478 ut
689 1418 862 1496 prodessem
876 1418 976 1480 multis
988 1431 1093 1498 rogatu
1108 1429 1168 1481 tuo.
1202 1421 1263 1482 Sed
1283 1413 1285 1421 ’

260 1527 293 1578 ut
316 1517 348 1576 in
372 1517 488 1577 Catone
507 1514 627 1590 maiore,
649 1515 700 1592 qui
721 1526 765 1576 est
785 1515 911 1593 scriptus
931 1517 970 1577 ad
992 1528 1021 1576 te
1042 1517 1080 1577 de
1101 1526 1263 1591 senectute,

261 1614 409 1675 Catonem
434 1612 536 1672 induxi
558 1631 661 1673 senem
685 1612 893 1690 disputantem,
917 1613 987 1689 quia
1007 1615 1088 1673 nulla
1109 1597 1265 1674 ¹uidebatur

260 1711 356 1788 aptior
368 1728 496 1787 persona
509 1728 585 1786 quae
600 1711 637 1770 de
656 1709 707 1770 illa
720 1721 815 1771 aetate
829 1712 1005 1787 loqueretur,
1021 1729 1111 1786 quam
1126 1710 1197 1784 eius,
1213 1712 1264 1788 qui
1280 1743 1305 1770 ιο

259 1817 291 1866 et
304 1805 469 1866 diutissime
483 1824 573 1864 senex
585 1805 686 1866 suisset
700 1815 729 1864 et
744 1805 775 1864 in
786 1805 850 1883 ipsa
863 1815 1013 1865 senectute
1021 1818 1136 1882 praeter
1149 1819 1264 1866 ceteros

259 1901 421 1970 floruisset;
443 1900 493 1973 sic,
510 1919 578 1958 cum
598 1900 816 1976 accepissemus
830 1919 848 1958 a
862 1900 992 1976 patribus
1013 1900 1139 1960 maxime
1153 1901 1265 1961 memo

259 1995 383 2054 rabilem
398 1995 432 2054 C.
449 1993 531 2052 Laeli
546 2005 575 2073 et
589 1996 621 2052 P.
638 1994 786 2071 Scipionis
804 1995 1030 2055 familiaritatem
1043 1996 1140 2069 fuisse,
1155 1997 1266 2057 idonea

260 2091 334 2152 mihi
348 2091 431 2152 Laeli
444 2110 572 2169 persona
585 2091 648 2152 visa
662 2094 706 2153 est'
721 2111 796 2168 quae
812 2092 849 2152 de
864 2092 994 2152 amicitia
1007 2113 1043 2153 ea
1062 2092 1126 2169 ipsa
1145 2093 1265 2152 dissere·

261 2199 313 2264 ret,
326 2208 403 2265 quae
413 2188 563 2266 disputata
573 2191 612 2249 ab
626 2208 663 2249 eo
677 2181 860 2250 meminisset
875 2191 1024 2250 Scaevola.
1050 2190 1153 2249 Genus
1163 2198 1264 2248 autem
1282 2217 1305 2256 ις

262 2285 321 2345 hoc
339 2304 509 2346 sermonum
527 2286 656 2363 positum
672 2285 703 2365 in
723 2286 877 2346 hominum
896 2298 1028 2347 veterum
1046 2284 1218 2368 auctoritate
1235 2298 1265 2345 et

262 2400 366 2442 eorum
379 2381 534 2441 illustrium
549 2384 615 2460 plus
629 2384 731 2444 nescio
746 2403 806 2460 quo
820 2395 909 2460 pacto
923 2384 1039 2445 videtur
1051 2386 1160 2444 habere
1173 2383 1265 2460 gravi·

261 2478 340 2539 tatis.
392 2480 500 2555 ltaque
527 2478 589 2556 ipse
618 2500 685 2540 mea
712 2482 813 2557 legens
843 2480 886 2540 sic
913 2481 1025 2541 afficior
1051 2480 1209 2552 interdum,
1232 2491 1265 2540 ut

230 2575 419 2658 deatonem,
435 2593 496 2634 non
511 2594 568 2649 me,
585 2577 666 2653 loqui
681 2576 853 2638 existimem.
896 2579 956 2639 Sed
971 2590 1002 2637 ut
1021 2588 1084 2638 tum
1104 2575 1143 2635 ad
1162 2594 1264 2635 senem

262 2691 354 2734 senex
375 2673 414 2733 de
438 2683 599 2749 senectute,
618 2673 661 2733 sic
682 2675 741 2734 hoc
763 2673 838 2734 libro
859 2675 898 2734 ad
920 2673 1049 2735 amicum
1070 2673 1265 2736 amicissimus
1279 2703 1305 2732 ω

262 2769 365 2849 scripsi
385 2771 424 2831 de
441 2769 578 2831 amicitia
620 2773 700 2830 Tum
717 2781 762 2831 est
779 2771 856 2832 Cato
874 2773 999 2846 locutus,
1014 2791 1075 2849 quo
1094 2783 1155 2832 erat
1173 2791 1265 2832 nemo

261 2871 323 2930 sere
337 2869 434 2930 senior
448 2869 630 2946 temporibus
644 2868 709 2944 illis,
724 2888 815 2929 nemo
833 2870 1025 2947 prudentior:
1045 2888 1125 2930 nunc
1144 2869 1264 2930 Laelius

262 2978 292 3029 et
314 2967 440 3044 sapiens,
462 2967 506 3027 sic
530 2967 610 3028 enirn
634 2980 679 3029 est
694 2966 822 3040 habitus,
845 2980 875 3029 et
894 2966 1040 3029 amicitiae
1059 2967 1153 3045 gloria
1171 2967 1266 3027 excel·

262 3067 326 3126 lens
340 3066 378 3124 de
391 3063 521 3124 amicitia
534 3066 679 3141 loquetur.
710 3066 757 3123 Tu
771 3062 859 3123 velim
873 3082 892 3122 a
904 3083 952 3122 me
966 3064 1097 3122 animum
1108 3081 1265 3140 parumper

261 3171 384 3233 avertas,
397 3159 530 3220 Laelium
540 3159 623 3236 loqui
633 3159 730 3235 ipsum
739 3168 833 3236 putes.
857 3159 891 3220 C.
903 3158 1033 3219 Fannius
1048 3167 1078 3218 et
1092 3159 1128 3234 Q.
1146 3156 1266 3217 Mucius
1280 3189 1304 3228 ,ς

261 3258 301 3318 ad
324 3275 460 3318 socerum
484 3256 606 3318 veniunt
628 3265 696 3332 post
717 3265 843 3315 mortem
864 3254 1011 3324 Africani:
1039 3256 1079 3315 ab
1100 3254 1146 3314 his
1167 3273 1264 3315 sermo

262 3353 361 3428 oritur,
376 3352 536 3430 respondet
557 3350 683 3425 Laelius,
699 3350 783 3412 cuius
803 3361 867 3411 tota
886 3349 1047 3428 disputatio
1069 3359 1113 3411 est
1134 3350 1172 3410 de
1192 3348 1264 3410 ami·

215 3517 216 3520 ,
261 3450 339 3524 eitia,
355 3469 444 3527 quam
458 3451 560 3527 legens
573 3459 602 3509 te
617 3448 680 3525 ipse
694 3467 865 3527 cognosces.

223 3551 241 3610 6
323 3550 365 3609 II.
392 3550 545 3608 Fnuurus.
581 3547 656 3608 Sunt
670 3546 734 3621 ista,
750 3545 853 3620 Laeli,
873 3566 930 3608 nec
944 3546 1023 3608 enim
1037 3545 1141 3607 melior
1153 3544 1196 3606 vir
1209 3545 1263 3607 suit

262 3646 401 3708 Africano
412 3645 568 3722 quisquam
578 3664 634 3705 nec
643 3644 754 3704 clarior.
778 3645 836 3705 Sed
848 3644 1012 3705 existimare
1023 3645 1115 3704 debes
1129 3643 1263 3704 omnium
1278 3676 1304 3714 30

263 3745 366 3804 oculos
380 3742 412 3801 in
425 3752 455 3801 te
469 3760 534 3801 esse
550 3741 703 3801 coniectos
717 3761 829 3815 unum;
849 3751 880 3801 te
893 3740 1056 3818 sapientem
1070 3751 1099 3800 et
1112 3740 1264 3815 appellant

262 3851 293 3900 et
316 3837 508 3904 existimant¹
533 3837 731 3898 Tribuebatur
751 3839 810 3896 hoc
834 3837 926 3896 modo
949 3839 992 3896 Μ.
1015 3835 1132 3908 Catoni,
1154 3836 1263 3894 scimus

233 3983 237 3991 .
262 3937 296 3996 L
322 3933 451 3995 Acilium
464 3933 545 4011 apud
561 3944 658 4011 patres
674 3944 790 3994 nostros
807 3934 988 4010 appellatum
1007 3950 1072 3992 esse
1088 3930 1261 4008 sapientem,
