3038 4876
292 699 330 762 52
689 665 887 744 cancros
1153 678 1296 764 [xxrys

292 815 460 892 Erumpunt
473 831 562 892 saepe
575 811 646 874 vitia
659 812 824 876 amicorum
837 823 901 875 tum
915 811 946 872 in
960 809 1041 891 ipsos
1055 811 1175 888 amicos,
1190 823 1254 874 tum
1265 812 1297 875 in

291 909 415 984 alienos,
430 929 556 987 quorum
569 920 671 970 tamen
687 910 727 969 ad
740 908 853 973 amicos
869 909 1017 970 redundet
1036 907 1164 968 infamia
1206 910 1298 970 Tales

292 1007 380 1086 igitur
387 1007 533 1068 amicitiae
543 1018 612 1068 sunt
625 1006 798 1068 remissione
812 1027 882 1067 usus
891 1009 1037 1068 eluendae
1050 1019 1089 1081 et,
1100 1019 1133 1069 ut
1148 1009 1297 1069 Catonem

293 1102 392 1164 dicere
419 1102 527 1176 audivi,
550 1103 727 1163 dissuendae
754 1102 849 1180 magis
876 1121 966 1179 quam
994 1102 1216 1177 discindendae,
1239 1103 1297 1164 nisi

293 1198 441 1277 quaedam
462 1199 627 1259 admodum
647 1197 839 1259 intolerabilis
859 1196 964 1258 iniuria
984 1197 1132 1272 exarserit,
1146 1209 1180 1260 ut
1199 1217 1299 1276 neque
1325 1229 1337 1268 ς

293 1305 407 1358 rectum
427 1314 527 1374 neque
546 1295 705 1358 honestum
726 1294 763 1357 sit
783 1314 840 1357 nec
859 1294 923 1357 fieri
943 1295 1035 1375 possit
1058 1305 1092 1358 ut
1113 1315 1175 1359 non
1198 1295 1299 1359 statim

241 1398 280 1460 77
294 1383 435 1458 alienatio
455 1395 674 1475 disiunctioque
692 1394 830 1457 facienda
851 1395 896 1458 sit
938 1395 989 1458 Sin
1003 1405 1103 1458 autem
1117 1407 1167 1457 aut
1180 1415 1299 1458 morum

295 1508 346 1560 aut
360 1495 526 1559 studiorum
540 1493 735 1558 commutatio
748 1495 906 1575 quaedam,
921 1506 955 1557 ut
969 1493 1031 1559 fieri
1045 1496 1128 1572 solet,
1143 1497 1221 1559 sacta
1233 1495 1297 1574 erit,

294 1607 346 1656 aut
366 1594 396 1655 in
417 1594 459 1656 rei
479 1595 616 1674 publicae
636 1594 769 1674 partibus
789 1594 936 1656 dissensio
956 1594 1300 1676 intercesserit—loquor

295 1688 375 1750 enim
397 1689 466 1765 iam,
490 1702 524 1752 ut
547 1691 637 1768 paulo
658 1702 728 1751 ante
749 1690 819 1763 dixi,
841 1680 903 1752 non
924 1692 962 1752 de
982 1690 1157 1769 sapientum,
1179 1694 1234 1754 sed
1260 1695 1300 1756 de
1315 1726 1339 1755 ιο

295 1788 504 1848 communibus
526 1785 869 1848 amicitiis-cavendum
892 1787 946 1847 erit
968 1807 1006 1848 ne
1028 1806 1090 1847 non
1112 1789 1208 1849 solum
1228 1789 1300 1850 ami·

295 1881 382 1944 citiae
403 1883 568 1961 depositae,
582 1883 637 1943 sed
658 1882 748 1943 etiam
769 1882 940 1943 inimicitiae
960 1892 1116 1960 susceptae
1135 1882 1298 1947 videantur.

296 1977 379 2039 Nihil
393 1979 474 2039 enim
488 1989 533 2038 est
547 1977 660 2056 turpius
673 1997 763 2055 quam
776 1997 846 2037 cum
862 1997 900 2038 eo
914 1979 1026 2038 bellum
1044 1997 1154 2055 gerere,
1169 1998 1300 2068 quocum

296 2075 477 2137 familiariter
490 2076 604 2138 vixeris.
646 2076 695 2137 Ab
708 2074 839 2136 amicitia
854 2076 890 2152 Q.
908 2074 1034 2152 Pompei
1048 2094 1118 2136 meo
1131 2075 1254 2139 nomine
1267 2096 1301 2140 se

296 2183 469 2244 removerat,
491 2183 524 2232 ut
547 2171 636 2245 scitis,
661 2170 762 2248 Scipio
767 2192 776 2245 ;
804 2182 926 2249 propter
949 2170 1168 2232 dissensionem
1192 2183 1341 2248 autem,15

298 2288 374 2346 quae
388 2280 450 2330 erat
463 2268 494 2330 in
507 2289 539 2330 re
552 2268 681 2347 publica,
690 2268 836 2330 alienatus
847 2270 1040 2348 estacollega
1050 2280 1152 2331 nostro
1162 2272 1301 2335 Metello:

297 2376 453 2442 utrumque
468 2364 527 2442 egit
540 2365 665 2443 graviter
678 2385 714 2425 ac
728 2366 880 2426 moderate
896 2376 925 2426 et
943 2365 1108 2427 offensione
1122 2364 1214 2426 animi
1241 2386 1303 2428 non

231 2462 284 2522 ·'l8
298 2463 412 2522 acerba
456 2464 696 2540 Quamobrem
716 2463 845 2541 primum
867 2464 968 2524 danda
988 2482 1079 2541 opera
1100 2475 1145 2525 est
1166 2484 1204 2526 ne
1225 2484 1302 2543 quae

298 2556 460 2616 amicorum
470 2557 595 2618 discidia
603 2560 690 2619 fiant:
705 2559 750 2618 sin
760 2559 819 2618 tale
829 2558 941 2637 aliquid
951 2559 1090 2632 evenerit,
1096 2569 1128 2618 ut
1140 2559 1302 2622 exstinctae

298 2654 399 2734 potius
411 2655 558 2717 amicitiae
571 2676 662 2736 quam
676 2676 836 2735 oppressae
849 2677 916 2719 esse
929 2657 1092 2728 videantur.
1129 2659 1304 2720 Cavendum
1317 2691 1339 2720 a

229 2799 231 2802 ψ
298 2776 422 2817 verone
436 2755 525 2817 etiam
536 2755 567 2816 in
580 2756 675 2835 gravis
689 2755 857 2817 inimicitias
866 2767 1040 2817 convertant
1053 2776 1086 2818 se
1099 2756 1254 2833 amicitiae,
1265 2777 1303 2820 ex

300 2852 407 2929 quibus
421 2850 514 2931 iurgia
527 2851 683 2914 maledicta
696 2852 893 2914 contumeliae
906 2851 1073 2931 gignuntur.
1103 2854 1187 2930 Quae
1201 2864 1303 2917 tamen

300 2949 326 3011 si
353 2950 520 3012 tolerabiles
547 2961 641 3026 erunt,
669 2951 808 3013 serendae
837 2961 906 3013 sunt
933 2962 964 3012 et
996 2950 1046 3011 hic
1079 2952 1178 3013 honos
1210 2952 1303 3015 veteri

300 3048 448 3111 amicitiae
461 3048 644 3124 tribuendus,
658 3060 692 3111 ut
709 3048 735 3110 is
749 3048 780 3109 in
795 3049 884 3127 culpa
905 3048 942 3110 sit
956 3049 1007 3127 qui
1021 3048 1118 3126 saciat,
1132 3068 1194 3110 non
1213 3049 1239 3112 is
1253 3050 1304 3130 qui

300 3144 430 3228 patiatur
443 3146 587 3209 iniuriam.
752 3144 753 3149 ’
1319 3182 1339 3220 22

363 3244 496 3308 Omnino
518 3244 652 3306 omnium
665 3245 772 3306 horum
785 3244 923 3307 vitiorum
943 3256 1032 3325 atque
1046 3245 1304 3331 incommodorum

301 3362 362 3405 una
376 3341 476 3404 cautio
489 3353 535 3404 est
548 3351 639 3421 atque
657 3362 718 3404 una
736 3341 874 3421 provisio,
890 3354 923 3403 ut
941 3362 979 3404 ne
998 3341 1086 3404 nimis
1105 3343 1165 3405 cito
1183 3344 1305 3422 diligere

249 3445 287 3509 79
302 3440 446 3521 incipiant
472 3461 548 3504 neve
575 3461 637 3503 non
665 3440 781 3521 dignos.
825 3441 916 3519 Digni
944 3452 1043 3503 autem
1070 3453 1139 3503 sunt
1165 3441 1304 3519 amicitia,

303 3543 411 3623 quibus
431 3542 463 3603 in
483 3540 555 3620 ipsis
571 3541 648 3602 inest
664 3561 756 3602 causa
773 3560 826 3601 cur
842 3540 1014 3618 diligantur:
1034 3561 1130 3601 rarum
1147 3561 1241 3620 genus
1246 3565 1256 3619 ;
1275 3554 1307 3605 et

303 3640 424 3720 quidem
438 3638 539 3700 omnia
556 3641 707 3717 praeclara
720 3659 792 3713 rara,
808 3657 864 3698 nec
883 3637 1044 3716 quicquam
1058 3638 1204 3699 difficilius
1218 3659 1308 3717 quam
1320 3671 1339 3710 a

301 3735 427 3814 reperire
441 3737 524 3813 quod
538 3735 576 3796 sit
590 3735 673 3796 omni
682 3755 718 3795 ex
728 3734 851 3812 partein
862 3753 917 3794 suo
927 3753 1035 3811 genere
1044 3737 1215 3813 perlectum.
1245 3738 1306 3798 Sed

302 3830 434 3910 plerique
455 3849 553 3907 neque
574 3830 606 3890 in
626 3832 715 3891 rebus
735 3828 873 3889 humanis
887 3829 1046 3906 quicquam
1062 3831 1177 3904 bonurn
1196 3843 1307 3895 norunt

302 3925 359 3999 nisi
380 3925 461 4009 quod
481 3926 663 3988 fructuosum
684 3924 730 4001 sit,
746 3934 776 3986 et
795 3922 908 3986 amieos
929 3933 1081 4002 tamquam
1101 3924 1233 4001 pecudes
1254 3943 1307 3987 eos
