3038 4876
238 601 398 687 xvno]
583 607 651 711 oe
676 504 1018 668 AMlclTJAssi'
1202 621 1256 684 ,47-

236 737 392 816 quisquam
406 737 519 801 amicus
529 759 594 801 esse
604 739 713 818 poterit
727 738 763 815 ei,
779 738 826 801 cui
841 761 873 802 se
884 739 1000 818 putabit
1014 737 1164 800 inimicum
1177 756 1242 800 esse

236 836 342 910 posse?
381 833 563 911 Quinetiam
584 854 706 896 necesso
726 835 781 896 erit
802 855 910 913 cupere
929 847 959 896 et
975 845 1077 912 optare
1098 845 1241 913 utquam

236 928 406 1007 saepissime
420 940 527 1007 peccet
540 930 662 1002 amicus,
677 951 738 1008 quo
749 931 840 1009 pluris
855 933 906 993 det
917 931 973 991 sibi
988 942 1139 1009 tamquam
1154 949 1241 1016 ansas
1259 980 1261 985 .

234 1027 273 1087 ad
283 1026 574 1104 reprehendendum:
595 1045 708 1086 rursum
719 1037 818 1086 autem
830 1038 909 1087 recte
920 1025 1004 1086 lactis
1015 1025 1241 1103 commodisque

209 1123 395 1190 samicorum
416 1141 538 1183 necesse
559 1125 612 1184 erit
633 1123 702 1202 angi
722 1124 824 1183 dolere
852 1122 991 1183 invidere.
1035 1124 1104 1199 Qua
1126 1142 1158 1183 re
1182 1122 1293 1183 hoedo

234 1218 354 1295 quidem
374 1228 575 1296 praeceptum,
591 1219 807 1294 cuiuscumque
827 1228 879 1291 est,
899 1220 939 1278 ad
953 1220 1116 1279 tollendam
1130 1217 1242 1278 amicit·

234 1316 291 1375 iam
304 1318 395 1376 valet:
417 1315 490 1375 illud
500 1317 599 1392 potius
607 1314 850 1393 praecipiendum
863 1313 924 1388 suit,
936 1325 969 1375 ut
980 1334 1045 1375 eam
1057 1313 1240 1391 diligentiam

233 1410 440 1471 adhiberemus
459 1409 489 1469 in
506 1409 642 1470 amicitiis
659 1408 876 1486 comparandis,
891 1419 925 1468 ut
943 1427 981 1469 ne
1000 1410 1123 1486 quando
1140 1427 1239 1469 amare

234 1507 428 1585 inciperemus
447 1527 525 1580 eum,
543 1526 632 1585 quem
653 1506 816 1582 aliquando
834 1504 933 1566 odisse
951 1525 1114 1582 possemus.
1157 1505 1239 1582 Quin

206 1635 219 1661 0
232 1601 319 1663 etiam
341 1600 365 1661 si
386 1600 486 1661 minus
506 1599 608 1660 felices
628 1598 659 1659 in
680 1598 833 1676 diligendo
852 1598 1018 1673 fuissemus,
1032 1599 1186 1660 serendum
1206 1598 1238 1661 id

233 1698 332 1777 Scipio
366 1697 465 1776 potius
499 1717 588 1777 quam
631 1695 850 1757 inimicitiarum
888 1705 1005 1774 tempus
1044 1696 1236 1775 cogitandum

232 1799 363 1877 putabat.
1093 1841 1097 1847 -

292 1899 395 1956 XVII.
439 1895 498 1956 His
527 1895 613 1976 igitur
640 1895 749 1958 finibus
775 1898 919 1958 utendum
948 1895 1080 1971 arbitror,
1103 1905 1144 1971 ut,
1167 1915 1236 1987 cum
1251 1896 1288 1956 el

232 1994 381 2058 emendati
391 2015 488 2057 mores
496 1996 658 2058 amicorum
668 1996 846 2071 sint,tumsit
856 1997 932 2058 inter
940 2016 993 2058 eos
1003 1995 1237 2058 omniumrerum

207 2127 218 2163 5
231 2093 419 2155 consiliorum
438 2095 622 2154 voluntatum
638 2093 701 2154 sine
717 2095 778 2154 ulla
790 2093 966 2172 exceptione
983 2094 1188 2168 communitas,
1204 2105 1236 2154 ut

232 2189 320 2250 etiam
341 2190 365 2250 si
385 2209 445 2267 qua
464 2191 582 2249 fortuna
602 2189 742 2250 acciderit
766 2201 799 2251 ut
827 2189 925 2250 minus
953 2188 1047 2251 iustae
1074 2189 1236 2250 amicorum

231 2288 396 2347 voluntates
407 2284 591 2344 adiuvandae
605 2285 672 2359 sint,
682 2285 713 2345 in
728 2285 835 2362 quibus
850 2305 953 2346 eorum
967 2295 1018 2345 aut
1032 2296 1120 2363 caput
1134 2297 1237 2364 agatur

230 2391 282 2442 aut
295 2383 382 2455 sama,
394 2380 606 2442 declinandum
621 2382 659 2441 de
672 2380 721 2441 via
734 2381 780 2455 sit,
796 2383 888 2443 modo
903 2401 941 2442 ne
955 2393 1071 2442 summa
1084 2382 1237 2460 turpitudo

231 2489 385 2557 sequatur,
412 2490 458 2539 est
485 2478 564 2538 enim
586 2489 733 2557 quatenus
759 2478 908 2540 amicitiae
936 2478 999 2540 dari
1022 2479 1109 2541 venia
1132 2481 1234 2558 possit.

205 2580 296 2638 sNec
316 2597 387 2638 vero
406 2577 591 2654 neglegenda
610 2588 654 2639 est
673 2579 761 2652 sama,
779 2597 836 2638 nec
853 2576 1004 2639 mediocre
1021 2579 1114 2638 telum
1134 2578 1173 2639 ad
1190 2597 1236 2639 res

230 2675 373 2752 gerendas
402 2673 567 2734 existimare
596 2685 714 2752 oportet
737 2675 977 2735 benevolentiam
1005 2674 1122 2748 civium,
1146 2695 1236 2752 quam

230 2768 380 2832 blanditiis
404 2781 435 2831 et
455 2771 636 2832 assentando
661 2769 798 2848 colligere
821 2781 906 2848 turpe
934 2781 993 2832 est:
1023 2770 1123 2845 virtus,
1145 2791 1236 2850 quam

231 2867 361 2943 sequitur
374 2866 488 2939 caritas,
501 2867 624 2927 minime
642 2867 829 2944 repudianda
848 2878 901 2926 est.
945 2867 1039 2928 Sed—
1046 2886 1135 2944 saepe
1156 2867 1235 2927 enim
1250 2869 1288 2927 02

231 2962 321 3021 redeo
337 2962 377 3021 ad
398 2961 576 3037 Scipionem,
592 2961 675 3021 cuius
695 2962 794 3021 omnis
814 2981 911 3022 sermo
929 2972 992 3022 erat
1013 2962 1050 3022 de
1067 2961 1237 3022 amicitia-

205 3058 406 3134 squerebatur
430 3059 512 3135 quod
540 3058 679 3118 omnibus
707 3057 738 3116 in
763 3059 851 3119 rebus
879 3056 1014 3118 homines
1035 3057 1236 3136 diligentiores

230 3162 342 3213 essentt
364 3172 467 3230 capras
488 3163 519 3213 et
539 3153 604 3212 ovis
624 3162 699 3230 quot
720 3152 846 3230 quisque
867 3153 990 3212 haberet
1014 3152 1113 3214 dicere
1136 3171 1234 3230 posse,
1264 3198 1265 3203 η

230 3248 341 3310 amicos
362 3260 435 3327 quot
456 3251 578 3310 haberet
598 3270 659 3310 non
680 3255 769 3327 posse
790 3250 889 3311 dicere
895 3273 904 3326 3
925 3260 955 3311 et
979 3251 1010 3311 in
1033 3251 1090 3312 illis
1112 3251 1235 3333 quidem

229 3346 368 3428 parandis
388 3347 528 3408 adhibere
550 3368 661 3420 curam,
681 3347 713 3408 in
740 3347 844 3408 amieis
867 3347 1025 3427 diligendis
1052 3350 1235 3428 neglegentis

229 3464 294 3506 esse
307 3465 364 3507 nec
384 3446 493 3506 habere
513 3445 597 3523 quasi
616 3446 701 3523 signa
719 3447 867 3524 quaedam
887 3457 918 3507 et
936 3455 1031 3523 notas,
1048 3447 1154 3526 quibus
1172 3467 1233 3522 eos,

203 3576 215 3602 ο
228 3543 279 3627 qui
293 3543 332 3603 ad
345 3541 505 3603 amicitiam
520 3553 618 3604 essent
633 3542 743 3618 idonei,
758 3543 929 3606 iudicarent.
972 3546 1047 3606 Sunt
1060 3544 1147 3624 igitur
1159 3544 1235 3606 firmi

229 3653 260 3703 et
279 3641 397 3703 stabiles
417 3654 448 3702 et
468 3653 639 3704 constantes
661 3643 797 3721 eligendi,
820 3643 903 3704 cuius
923 3644 1039 3723 generis
1061 3655 1106 3705 est
1126 3664 1235 3722 magna

229 3739 364 3818 penuria,
385 3749 416 3800 ct
434 3738 564 3801 iudicare
578 3738 698 3802 difficile
719 3750 764 3802 cst
778 3742 849 3803 sane
869 3740 927 3803 nisi
944 3752 1106 3820 expertum,
1123 3741 1234 3820 experi-

230 3837 341 3898 endum
362 3847 461 3899 autem
487 3837 584 3900 estin
606 3837 670 3917 ipsa
694 3837 837 3903 amicitia:
857 3838 898 3901 ita
922 3838 1081 3918 praecurrit
1105 3837 1234 3902 amicitia
