3038 4876
248 685 286 762 36
636 685 834 748 LAELIUS
1124 683 1200 770 [Vll
1217 709 1255 764 24

248 815 365 892 dicere3
392 813 417 876 si
435 834 513 893 quae
534 827 684 895 praeterea
704 819 904 879 sunt-credo
920 828 1020 880 autem
1039 837 1103 880 esse
1122 818 1256 880 multa-—

247 913 285 973 ab
299 912 351 988 eis,
365 912 391 974 si
403 912 558 987 videbitur,
573 915 625 992 qui
638 914 695 976 ista
708 915 867 995 disputant,
883 915 1056 994 quaeritote.

195 1009 232 1067 25
308 1011 462 1071 Flauius.
505 1013 570 1071 Nos
584 1023 685 1073 autem
699 1032 717 1073 a
730 1022 760 1074 te
774 1013 892 1091 potius:
913 1032 1096 1091 quamquam
1111 1014 1200 1076 etiam
1214 1017 1254 1077 ab

248 1107 309 1169 istis
323 1128 412 1186 saepe
432 1109 563 1185 quaesivi
579 1120 609 1171 et
623 1109 721 1172 audivi
736 1131 797 1172 non
814 1111 921 1174 invitus
936 1112 1085 1190 equidem,
1102 1116 1155 1175 sed
1172 1115 1254 1176 aliud

248 1207 401 1282 quoddam
415 1207 498 1266 filum
512 1207 651 1269 orationis
665 1219 744 1270 tuae.
1282 1244 1294 1283 ς

308 1306 475 1365 Scaevoca
517 1307 597 1366 Tum
621 1305 714 1384 magis
737 1304 770 1368 id
793 1305 915 1382 diceres,
938 1307 1041 1383 Fanni,
1063 1309 1088 1371 si
1109 1329 1203 1388 nuper
1222 1308 1253 1370 in

247 1400 339 1462 hortis
353 1401 507 1479 Scipionis,
522 1421 592 1463 cum
606 1414 650 1464 est
664 1402 703 1463 de
716 1422 748 1464 re
766 1403 885 1481 publica
903 1404 1095 1483 disputatum,
1110 1406 1251 1467 affuisses.

248 1498 351 1575 Qualis
361 1510 426 1560 tum
439 1511 579 1577 patronus
588 1498 713 1561 iustitiae
727 1501 780 1562 suit
794 1512 898 1562 contra
910 1515 1078 1564 accuratam
1089 1493 1252 1565 orationem

247 1595 342 1658 Philil

307 1691 459 1752 Fruruus.
503 1692 601 1753 Facile
616 1692 647 1753 id
661 1692 783 1770 quidem
796 1693 851 1754 fuit
864 1694 1005 1755 iustitiam
1019 1695 1177 1757 iustissimo
1191 1697 1253 1759 viro
1269 1729 1292 1766 ,ιο

246 1790 413 1851 defendere.
826 1779 831 1790 ⁹

306 1887 474 1946 Scaevoia,
518 1886 622 1961 Quid?
641 1885 800 1947 amicitiam
811 1906 911 1948 nonne
921 1887 1008 1948 facile
1020 1887 1056 1962 ei,
1066 1887 1118 1965 qui
1131 1890 1171 1950 ob
1185 1909 1251 1950 eam

246 1999 361 2040 summa
382 1982 442 2042 fide
465 1981 630 2042 constantia
651 1981 760 2042 iustitia
782 1994 926 2043 servatam
946 1982 1106 2044 maximam
1129 1985 1251 2063 gloriam

246 2076 374 2154 ceperit?

194 2172 231 2231 26
305 2175 396 2234 VIII.
426 2176 572 2235 Latmus.
604 2174 675 2235 Vim
686 2174 744 2236 hoc
754 2175 877 2253 quidem
888 2186 933 2238 est
945 2178 1062 2238 afferre:
1084 2175 1159 2255 quid
1172 2177 1252 2238 enim
1269 2210 1291 2248 ι,

238 2273 332 2333 -resert
345 2291 406 2349 qua
422 2292 472 2334 me
490 2273 604 2333 ratione
623 2272 757 2351 cogatis?
786 2274 900 2352 Cogitis
914 2286 1001 2335 certe.
1045 2274 1156 2336 Studiis
1171 2275 1251 2336 enim

245 2387 428 2445 generorum,
443 2369 613 2447 praesertim
631 2369 662 2430 in
681 2390 712 2431 re
732 2371 822 2443 bona,
838 2389 908 2438 cum
927 2369 1048 2431 difficile
1068 2380 1113 2431 est
1130 2381 1195 2432 tum
1211 2392 1250 2433 ne

246 2483 350 2526 aecum
364 2466 487 2542 quidem
502 2459 662 2526 obsistere(

203 2580 206 2586 ’
305 2562 482 2642 Saepissime
496 2563 581 2641 igitur
595 2562 667 2624 milri
687 2565 725 2626 de
740 2563 868 2625 amicitia
881 2563 1022 2642 cogitanti
1035 2563 1162 2626 maxime
1176 2563 1250 2627 illud

245 2659 494 2721 considerandum
521 2658 614 2720 videri
637 2660 720 2732 solet,
748 2672 846 2720 utrum
873 2670 993 2738 propter
1018 2657 1251 2721 imbecillitatem
1264 2693 1291 2720 ω

245 2768 335 2833 atque
348 2754 479 2833 inopiam
498 2755 664 2816 desiderata
682 2757 720 2816 sit
737 2754 874 2829 amicitia,
889 2766 922 2816 ut
938 2755 1045 2816 dandis
1063 2754 1249 2833 recipiendis-

245 2872 304 2930 que
330 2854 450 2928 meritis,
478 2854 561 2930 quod
585 2854 833 2930 quisqueminus
859 2873 912 2932 per
936 2872 967 2914 se
994 2853 1057 2930 ipse
1084 2864 1192 2931 posset,
1217 2852 1249 2914 id

244 2951 391 3030 acciperet
406 2953 445 3013 ab
461 2951 520 3012 alio
538 2950 725 3029 vicissimque
743 2951 887 3024 redderet,
902 2969 940 3011 an
957 2960 1034 3011 esset
1054 2949 1112 3010 hoc
1126 2949 1249 3028 quidem

244 3052 394 3129 proprium
417 3049 572 3124 amicitiae,
597 3049 650 3109 sed
672 3047 820 3126 antiquior
841 3060 871 3109 et
891 3049 1040 3125 pulchrIor
1061 3047 1207 3126 et-magis
1230 3068 1249 3109 a

244 3159 347 3224 natura
360 3150 424 3226 ipsa
436 3149 566 3225 profecta
580 3146 637 3206 alia
650 3165 746 3206 causa.
786 3149 880 3205 Amor
893 3145 981 3220 enim,
997 3165 1034 3205 ex
1046 3164 1107 3222 quo
1121 3144 1250 3206 amicitia
1262 3177 1287 3216 ι,

244 3245 395 3305 nominata
409 3256 461 3319 est,
476 3243 613 3322 princeps
628 3243 725 3304 estad
742 3242 979 3303 benevolentiam
998 3242 1245 3320 coniungendam.

243 3343 323 3401 Nam
340 3341 478 3401 utilitates
493 3341 613 3418 quidem
634 3339 724 3400 etiam
743 3340 781 3400 ab
799 3339 841 3400 eis
860 3339 1059 3417 percipiuntur
1076 3358 1173 3416 saepe,
1195 3339 1247 3417 qui

242 3439 428 3501 simulatione
442 3438 588 3500 amicitiae
596 3441 732 3499 coluntur
744 3437 779 3500 et
788 3438 978 3500 observantur
990 3437 1131 3516 temporis
1144 3458 1246 3514 causa;

242 3537 273 3598 in
293 3537 423 3599 amicitia
436 3549 536 3598 autem
559 3537 631 3597 nihil
649 3539 761 3611 fictum,
777 3536 850 3596 nihil
868 3536 1036 3597 simulatum
1050 3547 1095 3597 est
1109 3548 1147 3610 et,
1162 3536 1246 3614 quid·

188 3636 226 3694 2?
242 3634 314 3711 quid
328 3646 380 3706 est,
396 3633 428 3694 id
442 3647 487 3696 est
499 3654 601 3695 verum
616 3646 645 3694 et
658 3633 862 3695 voluntarium.
912 3635 1099 3711 Quapropter
1112 3654 1130 3694 a
1143 3647 1247 3697 natura
1260 3668 1286 3707 30

241 3732 314 3791 mihi
327 3732 443 3792 videtur
461 3732 558 3808 potius
575 3751 666 3808 quam
684 3732 724 3791 ab
740 3730 903 3809 indigentia
919 3742 982 3791 orta
1002 3730 1140 3803 amicitIa,
1154 3733 1245 3810 appli-

240 3825 357 3887 catione
371 3826 464 3903 magis
477 3825 568 3885 animi
586 3845 656 3886 cum
670 3826 801 3903 quodam
815 3844 902 3886 seusu
916 3825 1044 3899 amandi,
1060 3844 1150 3903 quam
1163 3827 1244 3904 cogi·
1288 3836 1289 3839 ’

240 3921 352 3984 tatione
379 3932 523 4002 quantum
550 3922 601 3984 illa
627 3941 673 3985 res
700 3920 831 3984 utilitatis
858 3932 935 3994 esset
961 3920 1103 3983 habitura
1152 3922 1244 3998 Quod
