3038 4876
452 1134 506 1209 M.
535 1135 719 1210 ‘TULLI
759 1137 1064 1216 CICERONIS

571 1268 941 1433 elutius
1028 1355 1033 1368 ·

585 1522 658 1603 ‘Du
685 1544 899 1605 Amrcmm.

305 1911 330 1969 Ι.
382 1910 419 1986 Q.
448 1893 582 1970 ¹Mucius
612 1928 705 1988 augur
735 1909 829 1970 multa
861 1928 979 1970 narrare
1011 1908 1050 1969 de
1084 1909 1119 1970 C.
1146 1906 1282 1970 Laeliol

244 2026 348 2068 socero
365 2027 421 2068 suo
439 2006 607 2068 memoriter
626 2017 656 2068 et
672 2006 803 2068 iucunde
817 2007 933 2068 solebat
946 2027 1003 2068 nec
1017 2006 1152 2068 dubitare
1166 2006 1250 2068 illum

244 2103 275 2164 in
289 2103 372 2165 omni
386 2123 522 2165 sermone
541 2104 690 2181 appellare
711 2103 884 2180 sapientem.
928 2105 993 2180 Ego
1011 2112 1112 2162 autem
1130 2122 1149 2162 a
1166 2113 1250 2180 patre

205 2257 207 2262 .
244 2200 286 2261 ita
300 2221 379 2262 eram
388 2203 534 2263 deductus
548 2201 586 2261 ad
598 2202 772 2262 Scaevolam
786 2211 904 2278 sumpta
917 2200 992 2259 virili
1006 2209 1084 2276 toga,
1093 2209 1135 2273 ut,
1150 2199 1250 2276 quoad

223 2316 364 2374 spossem
399 2313 428 2358 et
455 2298 565 2371 liceret,
594 2317 613 2357 a
639 2296 718 2358 senis
745 2299 836 2357 latere
863 2316 1028 2373 numquam
1056 2296 1248 2358 discederem.

245 2398 351 2473 Itaque
366 2397 459 2455 multa
468 2397 554 2456 abeo
567 2397 728 2473 prudenter
741 2394 899 2472 disputata,
912 2396 1005 2454 multa
1019 2393 1109 2454 etiam
1123 2394 1250 2456 breviter

243 2504 274 2555 et
288 2495 446 2555 commode
466 2495 547 2555 dicta
567 2493 728 2554 memoriae
746 2494 937 2567 mandabam,
953 2491 1075 2571 fierique
1092 2495 1249 2556 studebam

244 2590 307 2654 eius
334 2592 492 2671 prudentia
518 2591 642 2655 doctior.
686 2594 757 2670 Quo
783 2604 901 2654 mortuo
935 2612 984 2654 me
1010 2593 1049 2656 ad
1077 2594 1250 2672 pontificem

243 2693 417 2752 Scaevolam
436 2691 559 2767 contuli,
578 2709 669 2770 quem
685 2711 779 2752 unum
797 2703 917 2753 nostrae
937 2691 1063 2754 civitatis
1081 2703 1110 2754 et
1128 2692 1249 2773 ingenio

204 2822 228 2850 ιο
241 2773 271 2851 et
284 2787 394 2851 iustitia
407 2788 692 2868 praestantissimum
705 2792 804 2852 audeo
818 2789 925 2852 dicere.
968 2791 1028 2852 Sed
1042 2791 1081 2852 de
1095 2791 1154 2853 hoc
1166 2791 1247 2867 allas,

242 2908 323 2948 nunc
344 2889 434 2949 redeo
455 2889 493 2948 ad
513 2907 664 2965 augurem.
708 2891 786 2950 Cum
807 2907 897 2965 saepe
917 2889 1018 2963 multa,
1041 2899 1106 2949 tum
1127 2889 1282 2950 meminiss

242 2986 368 3047 domiin
383 2986 558 3064 hemicyclio
579 2988 743 3060 sedentem,
758 2998 792 3046 ut
807 2987 931 3061 solebat,
947 3008 1015 3047 cum
1032 2999 1063 3047 et
1079 3007 1135 3065 ego
1154 3008 1249 3048 essem

193 3153 196 3160 Ι
241 3103 302 3143 una
316 3094 346 3143 et
362 3083 449 3160 pauci
469 3083 635 3143 admodum
654 3082 821 3156 familiares,
838 3082 868 3142 in
890 3102 958 3142 eum
976 3101 1144 3144 sermonem
1165 3083 1249 3143 illurn

242 3181 382 3255 incidere,
397 3179 449 3258 qui
469 3191 532 3241 tum
553 3182 614 3241 lere
634 3179 736 3240 multis
758 3190 820 3241 erat
840 3180 871 3240 in
887 3199 945 3241 oro.
989 3178 1155 3240 Meministi
1169 3178 1248 3240 enim

203 3280 383 3356 15profecto,
398 3278 507 3350 Attice,
524 3287 554 3339 et
568 3296 605 3337 eo
619 3275 722 3355 magis,
738 3277 821 3354 quod
836 3280 868 3338 P.
885 3275 1018 3355 Sulpicio
1037 3279 1160 3338 utebare
1174 3279 1249 3337 mul-

242 3388 315 3451 tum,
330 3395 399 3437 curn
413 3375 438 3436 is
452 3373 587 3436 tribunus
602 3373 699 3452 plebis
712 3375 832 3452 capitali
851 3375 922 3436 odio
938 3396 956 3435 a
971 3377 1010 3452 Q.
1025 3374 1181 3454 Pompeio,
1196 3376 1248 3455 qui

241 3487 305 3537 turn
319 3484 381 3535 erat
395 3475 509 3548 consul,
524 3472 689 3547 dissideret,
704 3493 835 3552 quocum
849 3473 1091 3536 coniunctissime
1105 3485 1136 3536 et
1148 3494 1249 3536 aman·

242 3570 353 3632 tissime
375 3569 495 3641 vixerat,
521 3580 634 3648 quanta
661 3579 739 3631 esset
766 3569 922 3632 hominum
949 3572 996 3632 vel
1023 3569 1179 3632 admiratio
1200 3574 1248 3632 vel

241 3668 379 3745 querella.
423 3669 529 3743 Itaque
550 3677 613 3727 tum
631 3668 781 3738 Scaevola,
797 3686 864 3726 curn
883 3665 914 3725 in
934 3686 1000 3726 eam
1014 3665 1109 3744 ipsam
1123 3665 1280 3728 mentio-3

202 3796 227 3823 ,ο
240 3784 309 3824 nem
330 3762 491 3837 incidisset,
506 3764 644 3840 exposuit
656 3761 745 3824 nobis
764 3782 932 3823 sermonem
954 3763 1037 3823 Laeli
1057 3764 1096 3825 de
1117 3763 1248 3824 amicitia

242 3858 376 3920 habitum
387 3860 426 3919 ab
440 3857 491 3918 illo
502 3878 604 3919 secum
614 3868 643 3919 et
657 3878 726 3919 curn
735 3860 828 3919 altero
841 3878 951 3936 genero
962 3861 996 3922 C.
1010 3858 1134 3950 Fannio,
1150 3860 1246 3921 Marci

241 3956 312 4031 lilio,
326 3954 430 4035 paucis
444 3955 549 4017 diebus
563 3965 631 4033 post
645 3966 770 4018 mortem
784 3957 922 4018 Africani.
954 3957 1026 4019 Eius
1038 3957 1246 4036 disputationis

944 4249 967 4288 (t
