3038 4876
192 705 295 789 qo·
396 671 433 728 -’
585 705 879 767 ‘MELIUS'
1092 705 1233 789 [xv156

227 841 261 891 ut
282 842 392 895 nostra
405 832 436 892 in
454 831 568 893 amicos
585 832 793 893 benevolentia
811 833 929 894 illorum
946 853 1015 912 erga
1033 853 1090 894 nos
1107 837 1235 896 benevo-

227 926 336 986 lentiae
350 926 457 1003 pariter
475 927 696 1005 aequaliterque
716 929 893 1006 respondeat
902 952 911 1005 ;
933 932 1058 1003 tertiam,
1072 941 1114 1005 ut,
1130 931 1235 1008 quanti

176 1022 213 1096 bl
228 1023 354 1099 quisque
377 1042 408 1083 se
429 1022 494 1101 ipse
515 1024 592 1098 iacit,
615 1023 690 1085 tanti
712 1025 763 1084 fiat
786 1027 824 1085 ab
846 1027 956 1087 amicis.
1001 1029 1117 1086 Harum
1145 1028 1234 1088 trium

227 1119 440 1180 sententiarum
459 1120 531 1180 nulli
547 1140 667 1198 prorsus
688 1122 841 1184 assentior.
883 1124 949 1183 Nec
969 1123 1049 1184 enim
1069 1123 1120 1183 illa
1139 1123 1235 1202 prima

227 1237 297 1279 vera
317 1231 369 1291 est,
384 1229 425 1293 ut,
441 1237 530 1296 quern
552 1220 590 1279 ad
607 1220 731 1279 modum
752 1219 783 1279 in
800 1238 831 1279 se
848 1219 982 1297 quisque,
998 1220 1041 1281 sic
1057 1220 1088 1282 in
1104 1221 1235 1283 amicum

228 1316 265 1377 sit
273 1317 427 1378 animatus.
452 1319 549 1394 Quam
561 1320 654 1379 multa
667 1317 755 1391 eninr,
767 1337 844 1395 quae
858 1330 958 1379 nostra
971 1338 1061 1379 causa
1071 1339 1235 1398 numquam

227 1415 398 1490 faceremus,
425 1416 550 1475 facimus
572 1435 661 1476 causa
682 1414 863 1476 amicorum!
905 1417 1021 1476 Precari
1039 1419 1079 1476 ab
1099 1415 1232 1495 indigne,

228 1513 403 1590 supplicare,
432 1524 494 1574 tum
522 1514 657 1573 acerbius
684 1513 716 1575 in
744 1513 874 1591 aliquem
908 1514 1008 1575 invehi
1035 1515 1234 1594 insectarique

226 1610 439 1684 vehementius,
455 1631 531 1687 quae
546 1611 576 1671 iu
591 1610 698 1671 nostris
712 1612 799 1671 rebus
812 1631 875 1671 non
886 1611 956 1671 satis
970 1612 1103 1687 honeste,
1119 1611 1150 1671 in
1163 1613 1234 1673 ami·

227 1725 330 1765 corum
349 1708 424 1766 fiunt
442 1705 670 1810 honestissime;
690 1707 860 1784 multaeque
873 1727 919 1768 res
934 1720 1011 1789 sunt,
1027 1708 1058 1768 in
1074 1708 1182 1786 quibus
1196 1711 1235 1771 de

212 1797 287 1858 suis
307 1798 473 1858 commodis
494 1799 546 1860 viri
567 1800 639 1859 boni
668 1801 761 1859 multa
781 1800 939 1861 detrahunt
962 1801 1137 1879 detrahique
1160 1803 1235 1879 pati-

176 1893 324 1968 suuntur,
344 1904 377 1954 ut
398 1894 441 1954 eis
459 1893 549 1953 amici
568 1894 667 1972 potius
686 1914 776 1972 quam
796 1895 853 1973 ipsi
869 1898 1008 1974 frqantur.
1051 1899 1154 1957 Altera
1170 1917 1235 1958 sen·

140 2043 141 2046 ,
228 1988 320 2048 tentia
334 1999 378 2048 est
379 2009 475 2066 ,quae
490 1991 594 2050 definit
608 1990 769 2050 amicitiam
783 1993 902 2068 paribus
914 1993 1016 2053 officiis
1030 2013 1066 2053 ac
1079 1994 1235 2054 voluntati-

227 2089 292 2147 bus.
335 2090 407 2148 Hoc
425 2089 547 2166 quidem
567 2100 612 2150 est
631 2089 718 2151 nimis
740 2090 845 2168 exigue
862 2102 892 2152 et
913 2091 1026 2152 exiliter
1045 2095 1084 2153 ad
1105 2095 1235 2155 calculos

227 2206 335 2246 vocare
355 2187 524 2262 amicitiam,
546 2198 580 2248 ut
600 2207 653 2266 par
674 2188 711 2249 sit
731 2189 806 2250 ratio
826 2202 1019 2269 acceptorum
1039 2202 1069 2251 et
1089 2192 1234 2252 datorum.

230 2284 358 2346 Divitior
378 2286 450 2346 mihi
472 2297 502 2346 et
521 2286 688 2347 affluentior
707 2286 824 2349 videtur
844 2308 909 2350 esse
933 2309 1001 2350 vera
1021 2288 1152 2350 amicitia
1179 2311 1235 2351 nec

230 2383 388 2444 observare
408 2383 540 2444 restricte
561 2403 600 2444 ne
621 2386 687 2461 plus
707 2386 812 2446 reddat
833 2405 924 2463 quam
944 2386 1106 2463 acceperit:
1136 2407 1236 2465 neque

229 2479 309 2538 enim
328 2482 490 2541 verendum
510 2491 612 2540 estne
631 2480 704 2557 quid
726 2482 843 2542 excidat
859 2494 910 2542 aut
929 2502 967 2542 ne
986 2482 1059 2560 quid
1078 2482 1108 2542 iu
1128 2492 1234 2543 terram

229 2574 340 2634 defluat
361 2586 412 2635 aut
434 2595 473 2634 ne
494 2577 561 2652 plus
584 2595 681 2652 aequo
706 2576 778 2653 quid
805 2577 836 2635 in
864 2576 1025 2637 amicitiam
1052 2588 1233 2654 congeratur.

179 2669 216 2727 59
231 2669 349 2731 Tertius
363 2690 433 2732 vero
449 2670 498 2730 ille
513 2671 579 2732 finis
601 2671 784 2746 deterrimus,
801 2683 842 2746 ut,
858 2672 961 2750 quanti
980 2672 1104 2750 quisque
1123 2692 1155 2733 se
1172 2672 1236 2752 ipse

229 2758 325 2840 faciat,
348 2769 423 2826 tanti
442 2768 492 2826 fiat
511 2768 549 2826 ab
568 2767 679 2827 amicis.
723 2769 817 2846 Saepe
837 2768 917 2828 enim
938 2768 969 2828 in
988 2769 1167 2846 quibusdam
1184 2782 1235 2832 aut

231 2864 347 2925 animus
360 2864 504 2925 abiectior
517 2877 562 2926 est
576 2877 626 2925 aut
640 2885 708 2943 spes
716 2866 942 2943 amplificandae
955 2868 1091 2926 fortunae
1105 2866 1232 2929 fractior.

231 2967 302 3024 Non
317 2975 362 3025 est
376 2964 463 3042 igitur
477 2965 565 3025 amici
580 2968 669 3026 talem
687 2985 751 3026 esse
770 2965 801 3025 in
816 2985 894 3039 eum,
910 2966 1005 3044 qualis
1019 2965 1068 3026 ille
1081 2964 1112 3024 in
1133 2985 1165 3026 se
1179 2978 1234 3041 est,

230 3066 285 3125 sed
297 3063 396 3142 potius
410 3062 482 3122 eniti
496 3075 526 3122 et
537 3064 660 3136 efficere,
672 3074 705 3123 ut
718 3063 806 3123 amici
820 3063 966 3123 iacentem
979 3062 1112 3122 animum
1126 3063 1235 3140 excitet

165 3201 169 3209 ·
230 3163 414 3238 inducatque
436 3178 520 3236 spem
538 3159 809 3236 cogitationemque
832 3160 995 3220 meliorem.
1036 3159 1123 3220 Alius
1150 3159 1234 3238 igitur

229 3258 295 3325 smis
308 3277 394 3319 verae
408 3256 555 3316 amicitiae
569 3257 793 3317 constituendus
808 3268 860 3331 est,
877 3256 901 3316 si
915 3256 1004 3334 prius,
1019 3255 1092 3333 quid
1106 3257 1235 3319 maxime

228 3355 442 3432 reprehendere
471 3353 571 3429 Scipio
598 3353 702 3413 solitus
730 3353 775 3427 sit,
804 3354 915 3414 dixero.
972 3355 1109 3430 Negabat
1144 3355 1234 3415 ullam

228 3470 333 3512 vocem
355 3450 551 3511 inimiciorem
573 3450 719 3511 amicitiae
747 3452 880 3528 potuisse
902 3450 1022 3528 reperiri
1046 3469 1136 3527 quam
1161 3451 1233 3527 eius,

229 3548 279 3627 qui
294 3547 415 3608 dixisset
430 3547 471 3608 ita
484 3566 583 3607 amare
597 3561 742 3625 oportere,
757 3559 790 3608 ut
804 3548 829 3608 si
843 3548 1006 3627 aliquando
1020 3558 1097 3609 esset
1112 3569 1235 3625 osums,

229 3667 285 3708 nec
297 3666 368 3708 vero
381 3665 414 3706 se
428 3645 537 3705 adduci
548 3665 644 3723 posse,
660 3655 692 3704 ut
706 3647 772 3720 hoc,
783 3664 872 3722 quem
886 3646 924 3705 ad
938 3645 1061 3704 modum
1075 3657 1235 3722 putaretur,

228 3764 246 3804 a
260 3744 365 3803 Biante
380 3762 445 3803 esse
458 3742 570 3803 dictum
585 3743 725 3815 crederet,
737 3742 788 3820 qui
802 3742 920 3819 sapiens
934 3741 1052 3802 habitus
1067 3754 1144 3803 esset
1158 3763 1235 3804 unus

229 3859 246 3898 e
260 3835 375 3914 septem
380 3859 389 3913 3
410 3837 517 3914 impuri
528 3836 681 3898 cuiusdam
695 3847 746 3898 aut
760 3838 909 3897 ambitiosi
919 3847 971 3896 aut
981 3836 1083 3897 omnia
1095 3838 1136 3898 ad
1150 3857 1235 3899 suam

227 3931 391 4011 potentiam
405 3931 570 3994 revocantis
585 3951 649 3993 esse
663 3933 849 3994 sententiam.
893 3934 1033 4010 Quonam
1047 3931 1128 3994 enim
1142 3935 1236 4001 modo
