3038 4876
223 743 304 829 119]
558 746 627 806 oa
653 743 879 806 AMICITIA.
1191 761 1229 820 29
1280 822 1282 828 ,

222 873 275 934 sed
295 882 418 951 uterque
440 871 500 933 alio
520 873 653 950 quodam
673 870 773 944 modo,
795 869 908 930 Acilius
929 867 1000 947 quia
1014 869 1145 948 pmdens
1164 888 1229 930 esse

221 968 253 1029 in
274 967 336 1029 iure
359 967 437 1029 civili
459 969 626 1045 putabatur,
652 968 739 1027 Cato·
754 963 825 1043 quia
844 967 1004 1026 multarum
1025 985 1121 1026 rerum
1141 985 1229 1025 usum

221 1066 350 1126 habebat
364 1074 393 1126 et
404 1066 498 1124 multa
510 1063 573 1124 eius
593 1061 664 1123 etin
684 1072 787 1123 senatu
802 1072 832 1122 et
846 1061 877 1121 in
891 1063 956 1123 soro
969 1062 1016 1122 vel
1031 1061 1147 1139 provisa
1162 1081 1229 1139 pru·

222 1163 325 1223 denter
333 1163 379 1222 vel
388 1173 455 1221 acta
463 1171 633 1221 constanter
641 1161 687 1221 vel
701 1179 845 1236 responsa
854 1168 941 1219 acute
955 1161 1130 1233 serebantur,
1142 1178 1229 1237 prop

201 1270 302 1330 sterea
322 1259 407 1338 quasi
430 1279 598 1337 cognomen
622 1257 682 1318 iarn
703 1257 832 1318 habebat
852 1255 883 1316 in
905 1266 1057 1318 senectute
1077 1255 1226 1334 sapientis.

222 1362 267 1418 Te
281 1367 381 1418 autern
402 1356 461 1417 alio
475 1357 608 1434 quodam
627 1354 719 1416 modo
733 1373 795 1414 non
811 1353 908 1429 solum
922 1363 1028 1413 natura
1041 1363 1072 1414 et
1085 1353 1225 1430 moribus,
1241 1355 1260 1416 7

220 1475 321 1518 vemm
343 1455 432 1516 etiarn
454 1454 554 1515 studio
575 1464 605 1514 et
626 1452 762 1514 doctrina
783 1470 849 1512 esse
876 1450 1050 1528 sapientem,
1072 1471 1128 1512 nec
1155 1451 1232 1512 sicut

220 1554 332 1629 volgus,
348 1553 401 1612 sed
422 1561 455 1611 nt
471 1550 578 1612 eruditi
592 1551 690 1610 solent
708 1551 858 1625 appellare
873 1547 1045 1625 sapientem,
1062 1550 1181 1625 qualem
1195 1550 1226 1610 in

220 1646 345 1708 Graecia
359 1644 473 1722 reliqua
487 1644 749 1704 neminem—nam
763 1642 815 1719 qui
836 1652 951 1720 septem
965 1643 1158 1720 appellantur,
1174 1663 1226 1705 eos

182 1743 270 1822 10qui
284 1743 340 1805 ista
354 1743 493 1804 subtilius
508 1751 654 1820 quaemnt
668 1740 699 1801 iu
717 1760 842 1801 numero
857 1740 1024 1818 sapientum
1038 1761 1100 1802 non
1114 1742 1227 1803 habent

221 1832 394 1891 -Athenis
408 1851 501 1892 unum
516 1833 684 1910 accepimus
700 1843 812 1894 etcum
832 1836 954 1911 quidem
970 1835 1059 1895 etiam
1074 1835 1224 1913 Apollinis
1310 1911 1313 1918 Ι

217 1924 338 1982 oraculo
349 1922 597 2011 sapientissimum
606 1923 784 1983 iudicatum:
798 1925 876 1984 hanc
887 1944 952 1985 esse
963 1924 993 1985 in
1006 1937 1034 1988 te
1045 1927 1221 2006 sapientiam

217 2019 393 2094 existimant,
408 2030 442 2081 ut
455 2020 556 2081 omnia
569 2032 621 2081 tua
634 2020 665 2081 in
679 2031 708 2082 te
721 2021 819 2100 posita
832 2042 897 2084 esse
911 2024 1002 2084 ducas
1016 2025 1222 2104 humanosque

216 2140 302 2181 casus
316 2120 421 2181 virtute
437 2119 588 2181 inferiores
602 2131 696 2198 putes.
728 2123 834 2199 Itaque
849 2142 885 2182 ex
899 2141 948 2182 me
962 2134 1115 2201 quaemnt,
1131 2125 1221 2186 credo

181 2249 201 2287 ts
216 2239 252 2281 ex
265 2220 324 2281 hoc
340 2219 411 2281 item
433 2219 585 2293 Scaevola,
600 2236 731 2296 quonam
749 2229 837 2296 pacto
852 2229 979 2282 mortem
991 2221 1122 2281 Africani
1135 2223 1218 2296 feras,

215 2335 314 2394 eoque
329 2335 379 2376 ma
400 2315 422 2376 's
439 2317 521 2430 (ium
536 2315 683 2412 proximis
700 2314 805 2390 Nonis,
821 2335 891 2376 cum
910 2315 940 2376 in
957 2318 1059 2378 hortos
1079 2320 1117 2378 D.
1139 2318 1221 2379 Bruti

183 2459 184 2463 ,
215 2412 331 2489 auguris
340 2379 689 2485 'eoniriieiria‘niiiicausar
704 2421 737 2470 ut
757 2411 874 2485 assolet,
895 2411 1086 2487 venissemus,
1107 2422 1138 2473 tu
1157 2433 1220 2474 non

214 2508 332 2584 affuisti,
347 2509 399 2587 qui
413 2508 636 2587 diligentissime
651 2528 767 2587 semper
780 2508 863 2568 illum
884 2508 966 2570 diem
980 2520 1010 2570 et
1023 2510 1096 2589 illud
1111 2531 1220 2573 munus

214 2606 317 2667 solitus
332 2626 410 2667 esses
424 2607 515 2668 obire

182 2741 199 2768 a
273 2709 443 2769 Scanvorn.
486 2710 641 2784 Quaemnt
655 2706 786 2786 quidem,
799 2709 833 2772 C.
847 2706 939 2782 Laeli,
949 2707 1085 2781 multum,
1096 2718 1130 2770 ut
1144 2720 1188 2771 est
1201 2730 1220 2771 a
1233 2710 1252 2770 8

213 2806 328 2868 Fannio
343 2807 465 2882 dictum,
480 2809 533 2868 sed
547 2827 603 2885 ego
618 2806 649 2868 id
662 2810 839 2885 respondeo,
855 2808 938 2885 quod
951 2807 1083 2867 animum
1096 2806 1218 2883 adverti,

213 2913 243 2964 tc
260 2891 395 2964 dolorem
415 2922 505 2980 quem
523 2903 673 2981 acceperis
691 2924 759 2964 cum
774 2902 882 2964 summi
896 2903 951 2963 viri
965 2915 1029 2964 tum
1047 2903 1218 2964 amicissimi

212 3010 306 3060 morte
329 3003 403 3060 ferre
426 3002 579 3061 moderate
591 3020 601 3076 ;
617 3015 689 3060 'nec
710 3001 843 3077 potuisse
867 3021 927 3060 non
950 3000 1139 3073 commoveri,
1162 3021 1219 3062 nec

211 3095 299 3157 luisse
320 3095 350 3156 id
371 3096 564 3156 humanitatis
585 3105 671 3156 tuae:
693 3097 775 3173 quod
796 3106 896 3156 autern
918 3096 1015 3156 Nonis
1036 3094 1066 3155 in
1090 3095 1216 3173 collegio

185 3203 312 3262 snostro
335 3213 396 3254 non
420 3191 562 3267 affuisses,
585 3193 786 3254 valetudinem
811 3194 979 3272 respondeo
1003 3213 1131 3270 causam,
1154 3214 1217 3256 non
1274 3228 1278 3233 ·

209 3289 384 3351 maestitiam
399 3290 504 3350 fuisse

269 3388 415 3447 Lanatus.
459 3387 555 3447 Recte
567 3397 599 3447 tu
608 3386 740 3465 quidem,
756 3390 906 3463 Scaevola,
919 3399 949 3451 et
962 3409 1043 3451 vere:
1064 3410 1122 3451 nec
1135 3389 1216 3452 enim

209 3484 248 3543 ab
266 3480 323 3542 isto
342 3481 450 3556 officio,
468 3484 550 3561 quod
572 3503 689 3562 semper
709 3483 847 3562 usurpavi
865 3505 935 3546 cum
955 3469 1092 3561 valerem,
1107 3486 1216 3548 abduci

209 3578 403 3640 incommodo
417 3599 485 3641 meo
499 3579 600 3656 debui,
616 3600 672 3642 nec
685 3583 747 3644 ullo
766 3603 836 3643 casu
853 3582 976 3645 arbitror
992 3585 1051 3644 hoc
1067 3584 1216 3646 constanti

183 3673 319 3735 ‚homini
333 3694 422 3752 posse
439 3676 620 3754 contingere,
635 3688 669 3739 ut
685 3680 747 3739 ulla
765 3678 943 3740 intermissio
961 3681 1012 3740 fiat
1032 3681 1122 3758 offici..
1161 3683 1209 3742 Tu
1225 3683 1243 3742 9

206 3782 315 3845 autem,
334 3772 439 3847 fanni,
458 3776 541 3852 quod
560 3773 632 3835 mihi
649 3785 765 3836 tanturn
788 3776 877 3838 tribui
893 3777 977 3853 dicis,
997 3788 1140 3856 quantum
1156 3770 1214 3858 ego

207 3887 263 3930 nec
284 3888 415 3947 agnosco
436 3889 493 3930 nec
510 3873 637 3950 postulo,
653 3872 725 3935 sacis
745 3873 849 3949 amice,
872 3874 934 3950 sed,
949 3885 983 3936 ut
1002 3873 1075 3935 mihi
1095 3875 1212 3952 videris,

206 3986 267 4030 non
285 3977 365 4029 recte
379 3967 493 4030 iudicas
507 3970 546 4031 de
561 3972 686 4034 Catone.
708 3974 770 4033 Aut
785 3970 865 4033 enim
880 3991 977 4049 nemo,
993 3973 1076 4051 quod
1091 3973 1212 4052 quidem
