3038 4876
200 755 306 815 XXVI
321 752 372 837 97]
543 756 612 817 DE
637 755 864 818 AMICITIA.
965 799 973 824 .
1166 774 1204 838 57

200 883 371 963 multiplex?
392 883 474 961 Quid
488 883 569 945 enim
583 895 681 963 potest
690 864 756 947 esse
769 895 831 947 tam
845 879 983 963 flexibile,
999 895 1061 950 tam
1075 889 1204 965 devium,
1221 891 1259 953 9³

200 1001 289 1058 quam
312 980 429 1042 animus
457 980 528 1057 eius,
554 981 605 1059 qui
626 982 665 1043 ad
689 982 809 1043 alterius
831 1003 894 1044 non
914 985 1007 1045 modo
1027 1004 1148 1046 sensum
1170 1005 1207 1047 ac

199 1080 391 1152 voluntatem,
407 1079 460 1139 sed
474 1078 563 1139 etiam
577 1081 691 1139 voltum
704 1091 794 1158 atque
807 1090 914 1141 nutum
927 1080 1128 1143 convertitur?

238 1217 334 1291 Negat
343 1215 417 1291 quis,
431 1234 511 1293 nara·
530 1216 582 1290 ait,
597 1217 660 1288 aia,·
673 1223 815 1294 pastrana
828 1217 972 1295 imperavi
982 1229 1082 1298 egomet
1094 1222 1169 1282 milri
1172 1263 1174 1266 .

174 1345 184 1384 a
241 1315 348 1377 Omma
361 1316 511 1390 assentari,

197 1471 230 1522 ut
250 1459 292 1522 ait
311 1449 392 1522 idem
413 1461 580 1537 Terentius,
595 1464 649 1524 sed
669 1461 720 1525 ille
739 1461 771 1523 in
790 1460 960 1525 Gnathonis
972 1472 1108 1542 persona,
1123 1466 1206 1542 quod

196 1556 285 1618 amici
304 1577 398 1637 genus
418 1558 560 1620 adhibere
582 1558 707 1619 omnino
727 1557 856 1620 levitatis
880 1569 933 1620 est.
985 1559 1076 1620 Multi
1102 1570 1204 1621 autem
1219 1559 1258 1620 04

198 1654 393 1717 Gnathonum
408 1653 527 1730 similes,
543 1674 612 1715 cum
634 1653 692 1716 sint
712 1656 781 1716 loco
801 1657 920 1716 fortuna
933 1657 1012 1715 sama
1030 1656 1202 1734 superiores,

197 1771 323 1829 quorum
345 1762 391 1813 est
411 1751 571 1813 assentatio
592 1752 727 1826 molesta,
748 1771 817 1812 cum
837 1752 878 1813 ad
898 1751 1059 1813 vanitatem
1079 1750 1204 1828 accessit

176 1849 363 1911 ‚auctoritas
406 1847 526 1911 Secemi
547 1858 647 1909 autem
668 1849 797 1910 blandus
818 1846 930 1909 amicus
949 1867 1053 1910 aveto
1069 1860 1099 1910 et
1119 1848 1205 1910 inter·
1219 1848 1257 1908 tt

197 1946 282 2010 nosci
300 1957 362 2008 tam
378 1958 477 2026 potest
494 1946 628 2008 adhibita
648 1945 810 2026 diligentia,
827 1965 916 2024 quam
937 1943 1037 2007 omnia
1056 1947 1154 2009 fucata
1174 1956 1204 2008 et

197 2044 333 2106 simulata
353 2065 371 2105 a
389 2045 511 2106 sinceris
529 2054 619 2122 atque
637 2044 723 2106 veris.
766 2043 886 2119 Contio,
901 2064 977 2122 quae
998 2063 1036 2106 ex
1051 2042 1206 2123 imperitis·

198 2142 281 2204 simis
294 2151 419 2216 constat,
435 2152 536 2202 tamen
554 2141 685 2202 iudicare
699 2142 783 2216 solet,
798 2140 872 2219 quid
892 2140 1005 2202 intersit
1021 2140 1098 2202 inter
1110 2161 1205 2220 popu·

197 2243 297 2316 larem,
313 2238 345 2301 id
363 2251 408 2301 est
428 2249 641 2300 assentatorem
656 2249 686 2300 et
700 2240 796 2300 levem
811 2238 916 2313 civem,
932 2249 962 2300 et
975 2238 1052 2300 inter
1065 2249 1204 2300 constan·

177 2369 182 2403 r
195 2348 256 2398 tem
270 2347 300 2397 et
312 2355 415 2397 verum
429 2346 459 2395 et
469 2354 595 2413 gravem.
619 2336 735 2410 Quibus
744 2333 897 2395 blanditiis
912 2336 945 2396 C.
963 2333 1096 2412 Papirius
1110 2353 1204 2412 nuper
1217 2334 1255 2394 tt

196 2434 337 2501 influebat
358 2433 390 2495 in
414 2434 491 2495 auris
515 2433 671 2508 contionis,
695 2453 764 2494 cum
787 2435 873 2494 ferret
895 2433 992 2511 legem
1015 2435 1054 2495 de
1078 2427 1202 2494 tribunis

196 2530 291 2610 plebis
311 2519 492 2592 reficiendis!
535 2529 737 2590 Dissuasimus
758 2548 828 2590 nos:
849 2528 902 2589 sed
922 2527 996 2589 nihil
1023 2529 1062 2591 de
1083 2548 1140 2604 me,
1163 2529 1202 2590 de

195 2626 335 2705 Scipione
354 2626 454 2687 dicam
474 2625 622 2686 libentius.
671 2626 791 2701 Quanta
812 2623 862 2700 illi,
885 2623 917 2686 di
937 2622 1127 2699 immortales,
1148 2624 1202 2687 suit

195 2726 330 2807 gravitas,
341 2736 452 2804 quanta
465 2724 496 2785 in
511 2724 645 2785 oratione
660 2717 814 2785 maiestas!
835 2735 867 2785 ut
878 2722 964 2784 facile
978 2724 1086 2784 ducem
1099 2722 1203 2802 populi

178 2823 334 2896 .Romani,
363 2841 425 2883 non
453 2821 595 2882 comitem
623 2820 745 2882 diceres.
802 2820 862 2881 Sed
889 2819 1022 2894 affuistis,
1047 2830 1078 2880 et
1105 2830 1150 2881 est
1170 2819 1202 2880 in

196 2921 333 2981 manibus
354 2919 457 2981 oratio.
501 2922 607 2995 Itaque
629 2919 677 2978 lex
700 2916 848 2995 popularis
872 2915 1014 2994 suffragiis
1038 2914 1141 2992 populi
1160 2934 1203 2977 re-

195 3016 318 3094 pudiata
331 3027 383 3077 est
405 3018 515 3092 Atque,
525 3026 557 3075 ut
572 3015 611 3074 ad
626 3033 675 3074 me
689 3015 818 3088 redeam,
829 3010 1005 3073 meministis
1016 3012 1053 3087 Q.
1067 3010 1202 3072 Maximo

195 3114 282 3172 fratre
295 3111 441 3188 Scipionis
455 3120 485 3171 et
500 3113 533 3170 L.
551 3109 696 3169 Mancino
704 3110 884 3184 consulibus,
895 3127 985 3186 quam
993 3106 1142 3184 popularis
1152 3108 1202 3166 lex

195 3208 235 3269 de
255 3205 427 3268 sacerdotiis
449 3208 482 3268 C.
510 3203 607 3265 Licini
632 3202 731 3267 Crassi
754 3203 924 3278 videbatur,
944 3202 1095 3281 cooptatio
1119 3202 1200 3264 enim

194 3303 384 3382 collegiomm
397 3304 436 3365 ad
459 3302 562 3381 populi
581 3301 760 3363 beneficium
779 3301 1016 3363 transferebatur.
1057 3302 1158 3378 Atque
1174 3285 1205 3360 is‘

194 3401 306 3481 primus
319 3399 444 3462 instituit
462 3399 493 3461 in
507 3401 604 3461 sorum
617 3419 719 3488 versus
733 3419 819 3478 agere
833 3419 902 3460 cum
920 3400 1040 3478 populo
1083 3401 1199 3459 Tamen

194 3500 270 3563 illius
280 3497 461 3585 vendibilem
475 3498 638 3560 orationem
649 3498 751 3577 religio
759 3499 882 3561 deorum
892 3496 1101 3560 immortalium
1112 3497 1199 3561 nobis

194 3595 423 3660 defendentibus
437 3595 524 3658 facile
537 3595 684 3657 vincebat.
726 3598 827 3674 Atque
845 3595 877 3657 id
890 3604 991 3656 actum
1004 3605 1050 3656 est
1063 3604 1198 3673 praetore

193 3717 250 3774 me,
265 3693 470 3774 quinquennio
483 3705 553 3755 ante
567 3713 657 3771 quam
671 3693 776 3768 consul
790 3712 856 3754 sum
870 3694 972 3753 sactus
999 3694 1047 3753 Ita
1059 3711 1091 3752 re
1105 3691 1197 3772 magis

194 3811 283 3872 quam
297 3810 414 3852 summa
428 3789 602 3852 auctoritate
613 3809 702 3852 causa
714 3789 765 3851 illa
779 3791 901 3852 defensa
914 3799 967 3851 est.

252 3890 368 3949 XXVI.
412 3888 502 3965 Quod
524 3887 549 3949 si
571 3887 603 3948 in
626 3907 725 3964 scena,
747 3886 780 3949 id
799 3897 845 3949 est
864 3885 895 3948 in
916 3884 1071 3973 contione,
1086 3883 1117 3947 in
1138 3904 1197 3964 qua
1211 3886 1249 3948 97

193 3987 280 4051 rebus
301 3986 377 4050 fictis
398 3997 428 4050 et
446 3984 629 4050 adumbratis
642 3984 701 4050 ioci
721 3983 879 4066 plurimum
901 3996 953 4060 est,
975 3995 1077 4048 tamen
1095 4003 1197 4047 verum
