3038 4876
207 751 253 810 1v
270 745 318 831 14]
546 749 613 838 DE
638 748 861 834 AMICITIA.
1170 771 1206 828 31

206 892 306 961 posset
320 883 462 945 accedere
472 905 481 959 ;
501 881 648 944 moriendi
663 893 763 942 autem
785 900 905 943 sensum
927 879 1060 944 celeritas
1079 883 1207 943 abstulit.

206 980 277 1055 Quo
290 979 328 1039 de
342 997 449 1056 genere
460 978 562 1039 mortis
576 977 695 1039 difficile
710 977 791 1038 dictu
806 988 866 1048 est;
886 976 958 1054 quid
968 977 1104 1038 homines
1119 977 1210 1056 suspi-

207 1086 311 1137 centur
327 1075 447 1136 videtis:
468 1076 527 1136 hoc
547 1095 616 1136 vere
635 1085 736 1136 tamen
755 1074 824 1136 licet
843 1073 950 1149 dicere,
967 1077 999 1136 P.
1022 1074 1154 1153 Scipioni
1174 1095 1211 1137 ex
1255 1066 1257 1070 Α

205 1168 304 1228 multis
315 1168 512 1246 diebus,quos
523 1169 554 1229 in
563 1167 623 1230 vita
633 1169 840 1229 celeberrimos
851 1168 1087 1245 laetissimosque
1095 1169 1208 1244 viderit,

184 1264 288 1338 sillum
299 1263 380 1326 diem
390 1264 583 1326 clarissimum
593 1264 690 1339 luisse,
702 1284 771 1325 cum
782 1275 886 1326 senatu
900 1263 1022 1326 dimisso
1037 1265 1161 1326 domum
1169 1287 1211 1327 re·

205 1360 356 1422 ductusad
367 1378 521 1437 vesperum
532 1360 742 1438 estapatribus
751 1359 1051 1439 conscriptispopulo
1060 1363 1208 1438 Roman0,

206 1457 293 1518 sociis
314 1467 345 1518 et
366 1457 489 1532 Latinis,
505 1456 599 1534 pridie
614 1476 704 1535 quam
723 1456 849 1518 excessit
863 1458 961 1531 evita,
977 1468 1011 1519 ut
1024 1477 1060 1519 ex
1074 1469 1134 1520 tam
1148 1460 1209 1536 alto

206 1553 355 1633 dignitatis
375 1554 467 1633 gradu
488 1555 527 1615 ad
548 1573 671 1632 superos
691 1553 826 1615 videatur
847 1555 921 1615 deos
941 1553 1040 1632 potius
1060 1575 1149 1634 quarn
1170 1558 1210 1618 ad

206 1652 314 1713 inferos
327 1651 503 1730 pervenisse.

168 1782 192 1809 ιο
265 1751 319 1810 IV.
362 1752 469 1826 Neque
483 1749 562 1810 enim
577 1749 728 1813 adsentior
742 1748 793 1824 eis,
808 1749 860 1830 qui
873 1771 967 1830 nuper
980 1751 1054 1814 haec
1068 1744 1209 1814 disserere
1224 1753 1261 1812 1³

206 1857 375 1924 coeperunt,
385 1866 454 1906 cum
462 1847 635 1925 corporibus
649 1847 736 1908 simul
749 1847 865 1908 animos
878 1847 995 1910 interire
1004 1859 1094 1926 atque
1107 1848 1210 1909 omnia

206 1955 302 2002 morte
323 1942 422 2004 deleri.
467 1944 538 2003 Plus
559 1944 638 2020 apud
663 1963 711 2005 me
733 1943 921 2023 antiquorum
942 1945 1100 2006 auctoritas
1120 1946 1208 2019 valet,

207 2043 254 2100 vel
267 2051 434 2103 nostrorum
449 2041 603 2115 maiorum,
619 2042 670 2120 qui
681 2042 804 2104 mortuis
820 2051 879 2104 tar'n
894 2042 1030 2122 religiosa
1043 2042 1106 2104 iura
1119 2044 1208 2105 tribu·

207 2152 301 2213 erunt,
315 2142 397 2218 quod
412 2159 473 2201 non
487 2139 625 2202 fecissent
638 2142 780 2218 prolecto,
802 2140 827 2201 si
844 2141 917 2201 nihil
935 2142 975 2201 ad
993 2161 1046 2202 eos
1062 2142 1208 2219 pertinere

171 2264 192 2301 ις
207 2234 420 2309 arbitrarentur,
436 2237 482 2297 vel
503 2256 605 2296 eorum
627 2235 678 2313 qui
698 2236 729 2296 in
749 2237 806 2296 hac
826 2248 903 2298 terra
923 2239 1039 2298 luerunt
1059 2257 1209 2316 magnam·

208 2350 267 2407 que
287 2331 450 2404 Graeciam,
472 2352 549 2410 quae
566 2352 646 2392 nunc
664 2333 786 2410 quidem
806 2335 905 2394 deleta
924 2345 978 2408 est,
994 2345 1058 2394 tum
1075 2336 1207 2409 florebat,

206 2425 346 2486 institutis
359 2437 389 2487 et
400 2427 565 2504 praeceptis
578 2428 638 2487 suis
656 2428 833 2502 erudierunt,
847 2431 895 2489 vel
909 2428 980 2503 eius,
995 2428 1047 2506 qui
1061 2431 1208 2507 Apollinis

206 2522 325 2582 oraculo
343 2523 575 2601 sapientissimus
594 2537 639 2587 est
657 2524 812 2598 iudicatus,
829 2527 880 2604 qui
900 2547 962 2588 non
984 2538 1048 2588 tum
1067 2529 1126 2588 hoc
1144 2539 1207 2590 tum

205 2617 287 2695 illud,
308 2630 342 2681 ut
363 2620 395 2680 in
413 2621 569 2700 plerisque,
591 2623 646 2684 sed
669 2623 750 2685 idem
771 2643 895 2702 semper,
918 2623 1033 2687 animos
1051 2625 1209 2687 hominum

173 2749 192 2777 a
205 2737 271 2780 esse
284 2717 400 2781 divinos
415 2718 525 2798 eisque,
538 2741 606 2781 cum
620 2742 658 2783 ex
671 2743 794 2800 corpore
813 2722 1014 2799 excessissent,
1029 2724 1156 2787 reditum
1177 2724 1208 2785 in

205 2818 319 2879 caelum
341 2828 440 2897 patere
463 2820 637 2897 optimoque
659 2831 689 2881 et
713 2819 873 2882 iustissimo
897 2820 1006 2900 cuique
1028 2821 1209 2900 expeditissi-

207 2937 297 2979 mum.
342 2920 434 2994 Quod
455 2919 536 2980 idem
557 2918 690 2997 Scipioni
710 2918 875 2994 videbatur,
898 2919 949 2997 qui
970 2919 1101 2997 quidem,
1123 2919 1208 2998 quasi
1223 2919 1261 2978 14

204 3014 388 3092 praesagiret,
404 3015 558 3091 perpaucis
576 3025 646 3075 ante
665 3027 789 3076 mortem
805 3015 919 3089 diebus,
935 3035 1003 3075 cum
1018 3027 1048 3076 et
1063 3015 1165 3076 Philus
1178 3027 1209 3076 et

206 3108 346 3168 Manilius
360 3109 477 3168 adesset
491 3119 522 3169 et
535 3109 584 3168 alii
595 3111 702 3186 plures,
715 3121 807 3187 tuque
819 3110 918 3184 etiam,
928 3111 1078 3184 Scaevola,
1090 3129 1208 3170 mecum

179 3237 190 3274 ς
204 3207 342 3282 venisses,
362 3206 491 3268 triduum
506 3208 643 3269 disseruit
657 3210 696 3269 de
710 3228 741 3269 re
755 3208 883 3286 publica,
899 3209 983 3269 cuius
998 3208 1207 3286 disputationis

203 3301 257 3362 suit
275 3314 438 3363 extremum
460 3306 520 3365 lere
541 3304 580 3365 de
600 3304 820 3367 immortalitate
839 3305 1014 3380 animorum,
1029 3325 1106 3383 quae
1127 3325 1159 3366 se
1177 3305 1207 3365 in
1258 3356 1260 3360 .

204 3397 303 3475 quiete
316 3418 369 3476 per
382 3399 478 3460 visum
493 3420 529 3460 ex
547 3400 688 3461 Africano
702 3401 820 3461 audisse
839 3402 965 3462 dicebat.
1009 3402 1047 3462 Id
1061 3401 1085 3462 si
1099 3400 1140 3462 ita
1154 3413 1207 3476 est,

202 3505 235 3556 ut
249 3496 354 3574 optimi
368 3495 511 3575 cuiusque
519 3496 636 3557 animus
651 3497 682 3557 in
696 3509 791 3559 morte
804 3497 942 3560 facillime
953 3500 1051 3560 evolet
1061 3509 1211 3577 tamquam

202 3612 219 3653 e
233 3592 368 3653 custodia
382 3592 544 3671 vinclisque
558 3593 699 3672 corporis,
714 3593 762 3654 cui
776 3614 932 3655 censemus
950 3615 1068 3655 cursum
1082 3596 1121 3656 ad
1135 3596 1208 3656 deos

181 3721 189 3746 ³
203 3688 362 3748 faciliorem
376 3687 465 3749 fuisse
479 3708 570 3765 quam
584 3688 740 3765 Scipioni?
767 3689 915 3765 Quocirca
929 3709 1059 3751 maerere
1072 3691 1131 3751 hoc
1145 3691 1209 3751 eius

202 3793 308 3842 eventu
330 3802 432 3843 vereor
450 3802 489 3843 ne
507 3783 599 3844 invidi
620 3783 713 3861 magis
734 3803 825 3860 quam
843 3784 931 3845 amici
949 3784 995 3844 sit.
1037 3784 1089 3846 Sin
1108 3795 1207 3846 autem

202 3877 252 3936 illa
264 3875 385 3950 veriora,
399 3888 432 3938 ut
446 3877 526 3938 idem
545 3877 678 3939 interitus
693 3877 730 3939 sit
744 3879 911 3940 animorum
933 3889 962 3940 et
976 3900 1132 3958 corporum
1151 3901 1208 3942 nec

195 3972 278 4039 ‚ullus
299 3992 403 4041 sensus
428 3985 554 4048 maneat,
576 3986 610 4035 ut
630 3975 704 4035 nihil
728 3975 799 4037 boni
821 3987 866 4038 est
885 3976 916 4036 in
937 3989 1042 4054 morte,
1064 3977 1107 4040 sic
1127 3990 1206 4041 certe
