3038 4876
203 733 242 790 34
297 702 300 709 '
595 717 794 780 rannus
1096 716 1208 800 [v120

204 841 283 900 enirn
306 840 436 902 amicitia
458 842 532 901 nihil
552 843 632 904 aliud
653 844 709 903 nisi
729 844 863 904 omnium
884 845 1047 907 divinarum
1068 848 1210 908 humana·

203 956 328 1014 rumque
346 957 443 998 rerum
462 957 532 998 cum
548 939 755 1000 benevolentia
773 951 801 1001 et
822 942 942 1003 caritate
962 945 1127 1017 consensio,
1150 964 1210 1023 qua

204 1032 326 1108 quidem
340 1034 420 1092 haud
433 1033 495 1094 scio
509 1053 547 1093 an
562 1047 684 1111 excepta
704 1036 849 1112 sapientia
882 1039 923 1098 nil
954 1058 1083 1116 unquam
1104 1039 1209 1101 melius

205 1127 318 1188 homini
333 1130 370 1189 sit
383 1149 402 1188 a
421 1130 467 1191 dis
488 1129 702 1193 immortalibus
721 1134 831 1193 datum.
876 1134 1001 1195 Divitias
1021 1135 1071 1195 alii
1088 1155 1211 1214 praepo

206 1234 289 1298 nunt,
307 1224 417 1284 bonam
433 1225 483 1285 alii
503 1226 711 1303 valetudinem,
735 1227 784 1289 alii
804 1231 975 1307 potentiam,
999 1232 1048 1292 alii
1071 1233 1208 1308 honores,
1239 1263 1251 1302 ς

207 1322 290 1382 inulti
314 1322 402 1383 etiam
423 1326 595 1402 voluptates.
639 1328 794 1387 Beluarum
817 1329 874 1389 hoc
895 1329 1016 1406 quidem
1038 1343 1209 1406 extremum,

207 1417 257 1477 illa
279 1429 379 1477 autem
400 1418 549 1496 superiora
568 1420 682 1481 caduca
706 1433 734 1483 et
756 1421 875 1503 incerta,
895 1424 990 1501 posita
1015 1446 1076 1487 non
1098 1426 1210 1487 tamin

207 1514 337 1575 consiliis
351 1515 456 1576 nostris
470 1536 561 1594 quam
575 1516 606 1577 in
620 1520 754 1580 fortunae
768 1521 938 1582 temeritate
983 1523 1043 1599 Qui
1061 1535 1161 1584 autern
1179 1524 1210 1583 in

207 1615 311 1676 virtute
332 1635 481 1675 summurn
502 1618 615 1677 bonum
635 1631 759 1694 ponunt,
781 1621 929 1695 praeclare
949 1620 991 1680 illi
1012 1621 1141 1698 quidem,
1157 1623 1211 1682 sed

209 1716 283 1773 haec
304 1713 368 1789 ipsa
390 1715 480 1774 virtus
502 1715 662 1774 amicitiam
687 1727 716 1775 et
738 1716 829 1792 gignit
852 1727 881 1776 et
904 1719 1045 1791 continet,
1069 1737 1125 1779 nec
1148 1717 1213 1778 sine
1228 1751 1252 1776 to

156 1809 313 1869 2lvirtute
327 1808 455 1868 amicitia
469 1827 533 1868 esse
547 1811 607 1869 ullo
617 1822 705 1886 pacto
719 1822 823 1887 potest.
867 1813 933 1871 Iam
947 1813 1082 1872 virtutem
1097 1832 1133 1872 ex
1143 1832 1212 1873 con-

209 1906 365 1967 suetudine
378 1906 455 1967 vitae
469 1917 586 1966 nostrae
600 1907 802 1984 sermonisque
816 1908 907 1967 nostri
920 1908 1143 1985 interpretemur
1156 1927 1212 1968 nec

210 2023 285 2077 eam,
306 2015 339 2064 ut
366 2003 487 2080 quidam
510 2003 599 2076 docti,
624 2005 781 2063 verborum
805 2005 1023 2081 magnificentia
1046 2004 1211 2079 metiamur,

209 2098 346 2176 virosque
358 2100 454 2160 bonos
468 2119 519 2160 eos
534 2099 584 2176 qui
598 2100 743 2160 habentur
756 2119 953 2174 numeremus,
966 2101 1074 2161 Paulos
1083 2102 1214 2163 Catones

212 2197 313 2256 Gallos
325 2195 477 2274 Scipiones
489 2195 674 2256 Philos-his
685 2196 851 2256 communis
859 2195 918 2257 vita
928 2208 1069 2257 contenta
1079 2209 1216 2259 est—eos
1231 2231 1254 2267 15

159 2295 198 2353 22
212 2307 311 2355 autern
330 2294 508 2368 omittamus,
524 2294 576 2372 qui
592 2294 715 2355 omnino
734 2314 879 2372 nusquam
900 2296 1090 2374 reperiuntur.
1133 2298 1215 2358 Talis

212 2390 299 2468 igitur
312 2391 388 2452 inter
400 2391 477 2452 viros
490 2391 619 2452 amicitia
626 2403 721 2452 tantas
736 2392 968 2469 opportunitates
982 2394 1080 2463 habet,
1090 2404 1214 2470 quantas

212 2490 260 2550 vix
273 2508 351 2567 queo
366 2490 470 2550 dicere.
514 2490 661 2567 Principio
676 2490 728 2566 qui
745 2500 921 2568 potestesse
937 2490 996 2552 vita
1009 2489 1113 2560 vitalis,
1127 2501 1161 2550 ut
1174 2488 1216 2550 ait

214 2585 336 2658 Ennius,
351 2604 428 2662 quae
441 2605 502 2645 non
516 2585 547 2646 in
564 2586 651 2646 amici
669 2599 772 2647 mutua
787 2587 993 2648 benevolentia
1010 2584 1216 2663 conquiescit?

214 2683 295 2759 Quid
317 2682 433 2743 dulcius
453 2702 543 2760 quarn
561 2683 670 2744 habere
688 2683 809 2760 quicum
829 2683 930 2744 omnia
947 2684 1057 2744 audeas
1076 2682 1118 2743 sic
1136 2681 1218 2759 loqui
1232 2715 1255 2741 κ

213 2793 246 2842 ut
267 2785 388 2843 tecum?
430 2781 489 2857 Qui
503 2791 581 2841 esset
595 2792 693 2841 tantus
707 2783 817 2841 fructus
838 2780 869 2839 in
889 2781 1034 2858 prosperis
1048 2780 1145 2853 rebus,
1160 2779 1217 2840 nisi

214 2880 338 2938 haberes
352 2877 403 2954 qui
417 2877 473 2937 illis
487 2896 582 2954 aeque
596 2897 631 2937 ac
648 2888 679 2937 tu
699 2878 762 2954 ipse
780 2878 942 2954 gauderet?
982 2878 1129 2936 Adversas
1147 2895 1218 2937 vero

214 2976 288 3033 serre
309 2972 427 3033 difficile
447 2984 524 3034 esset
544 2972 608 3033 sine
628 2992 673 3046 eo,
689 2973 739 3050 qui
759 2972 823 3032 illas
841 2971 956 3050 gravius
975 2970 1063 3030 etiam
1077 2989 1167 3047 quarn
1185 2981 1218 3043 tu

215 3072 308 3130 ferret.
352 3069 492 3146 Denique
514 3081 629 3130 ceterae
652 3089 707 3143 res,
732 3088 809 3145 quae
829 3079 1011 3145 expetuntur,
1035 3078 1219 3144 opportunae

216 3177 284 3225 sunt
298 3165 429 3242 singulae
449 3166 536 3225 rebus
550 3168 611 3225 sere
624 3164 762 3241 singulis3
784 3164 910 3238 divitiae,
925 3175 957 3222 ut
971 3175 1071 3238 utare,
1092 3181 1171 3239 opes,
1188 3173 1221 3221 ut
1235 3194 1255 3228 ηε

216 3265 331 3338 colare3
351 3252 487 3334 honores,
510 3273 542 3323 ut
563 3261 682 3321 laudere
692 3282 701 3335 ;
728 3262 901 3337 voluptates,
924 3269 956 3319 ut
975 3258 1124 3336 gaudeas,
1144 3258 1220 3318 vale

217 3360 299 3426 tudo,
308 3370 341 3419 ut
355 3359 457 3418 dolore
467 3377 566 3418 careas
575 3370 605 3419 et
612 3357 783 3419 muneribus
793 3359 912 3434 fungare
922 3354 1070 3433 corporis:
1091 3352 1221 3414 amicitia

217 3476 262 3516 res
282 3455 422 3534 plurimas
442 3455 574 3515 continet
583 3476 592 3530 3
613 3473 735 3532 quoquo
753 3466 783 3514 te
803 3452 921 3514 verteris
939 3462 1056 3530 praesto
1070 3459 1124 3522 est,
1138 3450 1220 3510 nullo

217 3557 285 3613 loco
306 3553 475 3624 excluditur,
496 3570 659 3627 numquam
678 3549 892 3627 intempestiva,
908 3565 1071 3625 numquam
1095 3547 1220 3606 molesta

219 3659 270 3709 est.
300 3651 406 3725 Itaque
421 3668 482 3709 non
497 3668 582 3725 aqua,
593 3667 653 3708 non
665 3647 733 3726 igni,
743 3659 776 3708 ut
786 3647 876 3719 aiunt,
886 3645 1017 3724 pluribus
1031 3642 1103 3704 loeis
1114 3643 1222 3703 utimur
1236 3674 1255 3712 3<

219 3766 308 3822 quarn
322 3745 457 3805 amicitia.
501 3746 608 3822 Neque
617 3763 673 3821 ego
687 3763 766 3803 nunc
781 3744 819 3803 de
829 3741 939 3819 volgari
952 3752 1002 3801 aut
1017 3742 1055 3800 de
1068 3738 1220 3808 mediocri,

220 3860 296 3918 quae
312 3851 412 3901 tamen
432 3839 496 3918 ipsa
513 3852 543 3901 et
562 3839 691 3900 delectat
708 3851 737 3900 et
753 3840 882 3917 prodest,
898 3838 951 3898 sed
971 3838 1009 3897 de
1027 3854 1097 3896 vera
1112 3843 1141 3894 et
1159 3851 1222 3910 per·

219 3937 296 3997 secta
308 3935 423 4013 loquor,
438 3934 532 4012 qualis
546 3953 656 4009 eorum,
671 3933 723 4011 qui
736 3931 823 4012 pauci
837 3931 1034 4001 nominantur,
1049 3927 1111 3993 luit.
1142 3929 1222 3988 Nam

616 4145 651 4192 Q

651 4194 665 4228 ἱὶκ
