3038 4876
171 753 295 813 XXVII
313 749 389 835 10'2]*
512 754 580 813 DE
594 754 826 817 :AMICITIA
1136 775 1184 839 59·

171 899 260 960 quam
273 880 379 942 illudi?
426 880 517 958 Qu'od
530 881 563 943 ist
576 901 615 944 ne
629 882 744 945 accidat
758 882 850 963 magis
863 882 1105 949 cavendum'esti

338 1021 378 1080 ut
390 1039 434 1078 mc
445 1020 526 1080 hodsi
536 1027 603 1078 ante
613 1021 706 1080 omisis
717 1022 830 1080 cornices
839 1023 938 1083 stultos
949 1041 1025 1082 senes

337 1117 466 1177 Versaris
478 1125 563 1195 alque
573 1119 711 1177 illusseris
723 1119 902 1180 lautissime!

171 1263 258 1322 Haec
271 1259 351 1323 enim
369 1258 459 1323 etiam
473 1260 504 1321 in
522 1261 627 1324 fabulis
644 1261 815 1324 stultissima
830 1282 958 1341 persona
974 1271 1019 1324 est
1037 1260 1174 1341 improvi·
1188 1264 1244 1325 100

168 1359 273 1419 dorum
301 1368 331 1420 et
358 1359 543 1419 credulorum
571 1378 684 1420 senum.
727 1361 785 1422 Sed
808 1359 992 1438 nescioquo
1020 1353 1108 1438 pacto
1134 1361 1175 1423 ab

168 1454 303 1515 amicitiis
324 1458 520 1533 perlectorum
542 1455 704 1532 hominum,
728 1447 760 1517 id
783 1467 828 1517 est
849 1457 1095 1535 sapientum-de
1116 1457 1174 1519 hac

169 1551 238 1612 dico
259 1551 412 1629 sapientia,
435 1571 511 1629 quae
534 1551 652 1613 videtur
671 1551 702 1613 in
715 1551 868 1614 hominem
882 1554 989 1614 cadere
1002 1555 1171 1631 posse-ad

168 1647 240 1707 levis
253 1647 397 1708 amicitias
411 1647 532 1708 defluxit
547 1647 649 1710 oratio.
692 1650 791 1725 Quam
804 1651 844 1710 ob
865 1668 927 1709 rem
948 1650 987 1710 ad
1007 1649 1058 1710 illa
1077 1649 1173 1727 prima

168 1744 322 1804 redeamus
337 1762 431 1821 eaque
445 1744 510 1822 ipsa
523 1745 736 1805 concludamus
749 1744 918 1822 aliquando.
1025 1782 1026 1785 =

225 1841 356 1901 XXVII.
399 1840 508 1916 Virtus,
530 1840 660 1919 inquam,
682 1844 716 1904 C.
740 1841 843 1918 Fanni,
866 1853 896 1903 et
916 1852 956 1918 tu,
973 1844 1009 1919 Q.
1033 1841 1126 1927 Muci,
1142 1852 1173 1905 et

168 1939 305 2000 conciliat
318 1937 461 2000 amicitias
475 1947 505 1999 et
518 1949 680 2000 conservat.
711 1942 749 2000 In
763 1959 799 2000 ea
812 1950 858 2001 est
870 1938 950 2001 enim
964 1925 1171 2010 convenientia

168 2056 272 2112 rerum,
288 2035 319 2096 in
333 2056 369 2097 ea
382 2035 534 2111 stabilitas,
549 2035 581 2096 in
595 2055 631 2096 ea
645 2035 825 2097 constantia:
846 2057 924 2115 quae
938 2056 1007 2098 cum
1021 2056 1053 2098 se
1067 2036 1171 2099 extulit

168 2144 199 2195 et
212 2132 341 2194 ostendit
355 2151 440 2194 suum
454 2134 556 2192 lumen
570 2144 600 2193 et
618 2132 698 2193 idem
719 2132 830 2210 aspexit
851 2133 1031 2211 agnovitque
1051 2132 1082 2193 in
1103 2133 1170 2210 alio,

168 2230 206 2290 ad
220 2229 253 2290 id
267 2248 299 2290 se
312 2230 453 2290 admovet
461 2227 646 2305 vicissimque
655 2228 761 2307 accipit
776 2229 857 2304 illud,
870 2230 952 2307 quod
966 2229 997 2289 in
1011 2230 1104 2290 altero
1117 2239 1171 2304 est,

166 2345 204 2386 ex
217 2344 277 2403 quo
291 2323 455 2385 exardescit
469 2322 530 2384 sive
552 2343 636 2384 amor
652 2322 713 2384 sive
727 2323 864 2383 amicitia
908 2326 1077 2401 Utrumque
1093 2323 1173 2384 enim

168 2421 280 2483 dictum
295 2431 340 2481 est
353 2421 392 2480 ab
405 2420 535 2480 amando
539 2440 548 2495 ;
569 2439 668 2480 amare
682 2429 781 2480 autem
796 2419 868 2478 nihil
880 2429 925 2481 est
938 2419 1017 2481 aliud
1032 2419 1090 2480 nisi
1104 2439 1173 2488 eum

167 2518 264 2595 ipsum
285 2516 406 2594 diligere
427 2534 517 2593 quem
538 2535 629 2591 ames,
651 2517 733 2576 nulla
753 2515 923 2594 indigentia,
946 2517 1027 2576 nulla
1048 2515 1175 2578 utilitate

168 2614 312 2694 quaesita:
334 2633 411 2692 quae
426 2624 526 2674 tamen
539 2612 604 2692 ipsa
617 2613 779 2674 ecflorescit
794 2633 831 2674 ex
844 2612 981 2690 amicitia,
998 2613 1087 2675 etiam
1101 2613 1172 2675 situ

167 2734 233 2775 eam
247 2713 344 2773 minus
357 2723 475 2774 secutus
490 2711 537 2772 sis.
581 2715 650 2772 Hac
666 2731 722 2771 nos
741 2711 946 2773 adulescentes
967 2711 1174 2773 benevolentia
1188 2713 1243 2773 101

166 2831 251 2872 senes
272 2809 347 2885 illos,
361 2812 394 2870 L.
411 2803 547 2882 Paulum,
563 2811 606 2868 M.
620 2811 776 2884 Catonem,
788 2811 822 2871 C.
839 2810 966 2884 Gallum,
978 2812 1009 2869 P.
1023 2807 1171 2885 Nasicam,

166 2904 212 2965 Ti.
224 2903 391 2966 Gracchum
400 2900 546 2979 Scipionis
559 2900 651 2962 nostri
659 2921 796 2962 socerum
809 2900 980 2962 dileximus:
1001 2899 1174 2962 haecetiam

167 2997 260 3077 magis
283 2998 380 3059 elucet
403 2997 480 3057 inter
500 2996 639 3074 aequalis,
655 3007 688 3056 ut
712 2995 789 3056 inter
809 3015 857 3056 me
882 3006 912 3057 et
935 2995 1114 3074 Scipionem,
1137 2998 1171 3058 1.

167 3095 297 3169 Furium,
313 3095 344 3152 P.
361 3091 525 3169 Rupilium,
540 3094 589 3169 Sp.
607 3091 800 3152 Mummium:
821 3089 949 3151 vicissim
968 3101 1067 3151 autern
1087 3110 1174 3152 senes

166 3186 198 3248 in
210 3185 444 3248 adulescentium
458 3185 578 3246 caritate
591 3184 815 3262 acquiescimus,
830 3196 863 3246 ut
876 3185 907 3245 in
920 3196 1024 3261 vestra,
1040 3194 1073 3245 ut
1085 3185 1118 3246 in
1132 3185 1170 3260 Q.

170 3281 336 3344 Tuberonis
341 3303 351 3359 ;
370 3281 510 3360 equidem
523 3281 613 3343 etiam
628 3282 792 3342 admodum
806 3279 1004 3342 adulescentis
1018 3282 1050 3340 P.
1067 3279 1169 3356 Rutili,

165 3383 202 3441 A.
217 3379 338 3458 Vergini
351 3379 546 3440 familiaritate
560 3380 699 3440 delector.
731 3377 941 3456 Quoniamque
954 3378 996 3438 ita
1008 3376 1083 3439 ratio
1093 3393 1173 3438 com-

166 3487 268 3556 parata
288 3487 334 3539 est
351 3477 430 3538 vitae
450 3487 632 3554 naturaeque
656 3486 783 3552 nostrae,
801 3486 835 3536 ut
856 3475 914 3536 alia
940 3485 1023 3537 aetas
1050 3473 1168 3552 oriatur,

166 3573 293 3635 maxime
307 3573 428 3653 quidem
439 3576 603 3652 optandum
619 3583 664 3635 est
677 3585 710 3634 ut
722 3593 791 3633 cum
805 3573 978 3652 aequalibus
992 3571 1095 3651 possis,
1106 3570 1171 3650 qui·

166 3673 290 3733 buscum
306 3681 459 3748 tamquam
484 3691 501 3732 e
520 3671 685 3732 carceribus
709 3669 833 3731 emissus
855 3669 903 3745 sis,
922 3690 991 3730 cum
1013 3668 1109 3730 isdem
1133 3668 1172 3730 ad

164 3769 283 3855 calcem,
290 3777 323 3829 ut
333 3766 612 3846 dicitur,pervenire.
635 3763 1242 3844 Sedquoniamreshumanaeiragiles102

166 3865 354 3942 caducaeque
360 3874 435 3940 sunt,
442 3884 559 3942 semper
568 3862 660 3942 aliqui
668 3861 845 3940 anquirendi
853 3872 921 3923 sunt
930 3880 1006 3940 quos
1017 3859 1173 3939 diligamus

166 3972 196 4024 et
209 3961 346 4042 aquibus
360 3961 527 4044 diligamur:
548 3961 670 4025 caritate
680 3960 759 4023 enim
773 3959 1039 4039 benevolentiaque
1056 3957 1173 4020 sublata
