3038 4876
268 682 315 741 xr
330 680 382 763 st]
464 731 467 737 .
603 685 671 745 aa
696 646 920 745 aniciam.
1232 707 1272 766 ³9

279 801 283 810 ’
328 813 366 871 Χ.
383 813 528 874 Laeuius.
550 812 662 874 Audite
674 832 754 883 vero,
768 811 872 890 optimi
885 811 948 886 viri,
963 832 1088 893 eaquae
1102 812 1286 893 saepissime

267 905 343 968 inter
356 927 405 967 me
418 918 449 968 et
461 907 630 985 Scipionem
645 909 683 969 de
694 906 824 968 amicitia
833 908 1058 969 disserebantur.
1082 904 1272 986 Quamquam

266 1001 316 1062 ille
329 1002 451 1079 quidem
460 1003 532 1062 nihil
544 1003 690 1064 difficilius
704 1023 768 1064 esse
779 1003 897 1065 dicebat
911 1023 1001 1080 qnam
1010 1003 1168 1065 amicitiam
1178 1024 1272 1082 usque

266 1096 306 1156 ad
326 1107 489 1156 extremum
506 1097 586 1157 diem
604 1097 681 1158 vitae
702 1118 889 1175 permanere:
911 1118 981 1158 nam
999 1101 1046 1159 vel
1064 1109 1097 1159 ut
1115 1119 1176 1159 non
1190 1099 1271 1161 idem

245 1191 418 1268 sexpediret
445 1191 576 1253 incidere
600 1212 697 1271 saepe,
720 1195 767 1254 vel
789 1204 823 1254 ut
847 1195 886 1254 de
909 1214 940 1255 re
962 1194 1083 1272 publica
1105 1215 1167 1257 non
1190 1180 1271 1257 idem

265 1287 420 1348 sentiretur
428 1309 437 1362 3
457 1290 563 1350 mutari
577 1289 666 1349 etiam
680 1309 778 1352 mores
791 1291 946 1351 hominum
962 1311 1049 1369 saepe
1063 1291 1190 1366 dicebat,
1199 1292 1270 1353 alias

264 1382 392 1443 adversis
407 1384 501 1456 rebus,
512 1383 583 1445 alias
597 1395 693 1446 aetate
701 1385 929 1462 ingravescente
951 1389 1051 1464 Atque
1062 1408 1162 1448 earum
1173 1409 1270 1448 rernm

264 1479 431 1554 exemplum
459 1499 496 1538 ex
523 1478 714 1540 similitudine
742 1480 877 1557 capiebat
900 1480 1029 1541 ineuntis
1053 1481 1164 1555 aetatis,
1188 1482 1270 1559 quod

263 1574 371 1633 summi
385 1594 542 1651 puerorum
561 1594 676 1635 amores
693 1594 781 1652 saepe
800 1595 859 1634 una
877 1594 947 1634 cum
965 1586 1116 1653 praetexta
1133 1587 1203 1653 toga
1220 1577 1270 1637 de·

225 1701 249 1727 10
260 1682 439 1746 ponerentur
444 1692 453 1744 ;
473 1671 518 1730 sin
533 1682 633 1731 autem
647 1672 686 1730 ad
700 1671 932 1731 adulescentiam
946 1672 1158 1747 perduxissent,
1172 1671 1269 1732 dirimi
1282 1671 1322 1730 34

262 1778 362 1828 tamen
389 1767 537 1837 interdum
565 1767 756 1829 contentione
790 1769 837 1828 vel
864 1768 982 1828 uxoriae
1010 1768 1194 1829 condicionis
1220 1770 1268 1830 vel

262 1866 413 1928 commodi
432 1865 563 1940 alicuius,
583 1866 666 1943 quod
685 1865 765 1926 idem
784 1863 908 1944 adipisci
929 1877 1052 1944 uterque
1076 1886 1137 1926 non
1157 1877 1264 1944 posset

264 1966 354 2042 Quod
368 1964 392 2026 si
407 1963 457 2042 qui
471 1964 587 2042 longius
600 1963 631 2022 in
652 1963 782 2024 amicitia
794 1963 926 2042 provecti
939 1976 1045 2040 essent,
1061 1975 1160 2026 tamen
1179 1985 1267 2045 saepe

262 2063 438 2137 labefactari,
460 2062 485 2123 si
505 2061 535 2122 in
552 2060 672 2123 honoris
689 2061 912 2123 contentionem
934 2060 1124 2141 incidissent3
1152 2074 1267 2142 pestem

224 2193 247 2233 ις
262 2161 341 2224 enim
375 2163 486 2221 nullam
519 2159 661 2221 maiorem
686 2180 750 2222 esse
778 2158 912 2221 amicitiis
940 2180 1029 2238 quam
1063 2160 1093 2220 in
1120 2161 1272 2239 plerisque-

261 2258 405 2339 pecuniae
414 2258 616 2336 cupiditatem,
627 2257 658 2318 in
673 2257 791 2336 optimis
803 2257 970 2336 quibusque
983 2258 1103 2319 honoris
1117 2269 1267 2321 certarnen

261 2368 292 2420 et
305 2357 422 2436 gloriae,
432 2377 469 2418 ex
483 2376 543 2434 quo
558 2356 725 2416 inimicitias
739 2357 881 2416 maximas
889 2376 978 2434 saepe
988 2356 1064 2417 inter
1074 2357 1266 2419 amicissimos

261 2453 412 2515 exstitisse.
457 2456 569 2532 Magna
588 2453 676 2514 etiam
696 2452 824 2514 discidia
836 2465 866 2514 et
887 2454 1060 2531 plerumque
1077 2453 1264 2529 instanasci,
1280 2455 1317 2514 35

260 2571 329 2612 cum
344 2551 454 2629 aliquid
465 2553 503 2612 ab
517 2551 620 2640 amiciq
634 2552 717 2628 quod
730 2561 843 2611 rectum
854 2570 916 2610 non
930 2560 1007 2611 esset
1015 2552 1217 2629 postularetur,
1233 2562 1266 2610 ut

221 2679 246 2707 ω
258 2658 309 2708 aut
322 2646 452 2708 libidinis
469 2646 593 2707 ministri
611 2658 663 2707 aut
681 2648 830 2708 adiutores
849 2657 947 2708 essent
964 2648 1004 2708 ad
1022 2647 1166 2720 iniuriam,
1183 2648 1265 2725 quod

260 2743 311 2822 qui
337 2756 512 2818 recusarent,
542 2745 675 2823 quamvis
709 2746 833 2805 honeste
861 2743 892 2804 id
926 2747 1064 2818 facerent,
1093 2744 1138 2804 ius
1165 2755 1265 2805 tamen

259 2842 404 2903 amicitiae
419 2844 553 2904 deserere
568 2853 756 2920 arguerentur
766 2843 804 2904 ab
815 2843 866 2915 eis,
879 2841 985 2919 quibus
999 2841 1123 2917 obsequi
1137 2842 1264 2914 nollent;

259 2938 324 2998 illos
338 2949 447 3011 autern,
459 2939 509 3015 qui
521 2939 637 3015 quidvis
651 2939 689 2998 ab
704 2939 801 2998 amico
812 2940 954 2998 auderent
966 2939 1123 3014 postulare,
1138 2938 1263 3014 postula·

258 3034 339 3094 tione
353 3033 417 3111 ipsa
427 3034 554 3111 profiteri
566 3032 668 3093 omnia
681 3052 713 3092 se
723 3032 811 3092 amici
819 3052 909 3092 causa
920 3051 984 3092 esse
994 3032 1128 3092 facturos.
1151 3033 1263 3090 Eorum

219 3160 244 3199 ις
258 3131 387 3208 querella
399 3130 560 3191 inveterata
579 3150 640 3190 non
654 3130 747 3189 modo
768 3127 979 3189 familiaritates
993 3127 1136 3205 exstingui
1158 3130 1260 3200 solere,

258 3226 312 3286 sed
325 3225 414 3286 etiam
429 3225 498 3286 odia
515 3225 595 3304 gigni
609 3226 794 3304 sempiterna
838 3227 926 3284 Haec
945 3223 986 3283 ita
999 3225 1093 3282 multa
1105 3222 1189 3299 quasi
1202 3224 1263 3282 fata

257 3323 428 3402 impendere
449 3321 594 3394 amicitiis,
609 3333 642 3383 ut
665 3323 766 3383 omnia
784 3323 984 3400 subterfugere
1001 3339 1062 3383 non
1078 3321 1170 3405 modo
1187 3319 1261 3399 sapi·

256 3420 362 3494 entiae,
378 3421 431 3481 sed
444 3419 534 3494 etiam
547 3419 693 3481 felicitatis
707 3420 818 3481 diceret
832 3418 888 3481 sibi
901 3418 1002 3481 videri.

315 3519 371 3577 XI.
414 3519 513 3594 Quam
527 3517 566 3578 ob
577 3537 640 3578 rem
661 3517 693 3578 id
707 3517 834 3596 primum
848 3516 1010 3586 videamus,
1026 3513 1051 3577 si
1069 3517 1174 3594 placet,
1190 3535 1259 3594 qua·
1273 3516 1311 3575 36

217 3644 243 3682 ³0
256 3623 341 3675 tenus
354 3633 439 3674 amor
456 3613 486 3673 in
507 3613 636 3674 amicitia
655 3614 791 3692 progredi
812 3614 927 3675 debeat.
970 3616 1099 3688 Numne,
1115 3613 1140 3674 si
1159 3613 1260 3675 Corio

256 3711 341 3769 lanus
366 3709 470 3769 habuit
491 3709 612 3782 amicos,
635 3712 709 3770 ferre
731 3719 834 3770 contra
860 3707 984 3786 patriam
1011 3720 1093 3769 arma
1119 3708 1161 3768 illi
1188 3728 1258 3769 cum

257 3806 417 3870 Coriolano
431 3807 618 3867 debuerunt?
649 3809 731 3867 Num
742 3807 928 3867 Vecellinum
941 3804 1028 3865 amici
1037 3824 1161 3883 regnum
1171 3824 1259 3891 appe-

256 3909 377 3978 tentem,
392 3924 465 3965 num
481 3905 625 3965 Maelium
639 3905 805 3966 debuerunt
818 3904 939 3965 iuvare?
973 3895 1125 3963 Tiberium
1134 3900 1257 3986 quidem
1271 3903 1309 3962 37
