3038 4876
183 703 259 764 XXI
276 698 326 782 76]
528 703 596 762 DE
622 701 846 763 AMICITIA.
1147 723 1183 782 51

183 851 274 910 opera
300 828 419 892 levandi
446 840 522 891 sunt
553 832 696 890 'Tantum
723 840 836 892 autem
853 829 959 910 cuique
987 829 1186 908 tribuendum,
1201 833 1240 892 73

183 926 310 1004 primunr
324 936 469 1006 quantum
488 926 552 1005 ipse
566 928 681 988 efficere
695 927 800 1004 possis,
816 927 927 989 deinde
941 927 1029 988 etiam
1044 937 1188 1006 quantum

183 1022 241 1097 ille,
257 1042 348 1100 quem
363 1023 469 1100 diligas
483 1033 573 1099 atque
587 1023 718 1095 adiuves,
734 1023 886 1085 sustinere.
902 1026 981 1085 ‚Non
996 1010 1075 1084 enim
1089 1044 1189 1102 neque

182 1129 215 1180 tu
228 1119 332 1199 possis,
348 1120 483 1199 quamvis
497 1123 632 1192 excellas,
648 1121 744 1182 omnis
765 1133 833 1183 tuos
851 1122 891 1183 ad
904 1123 1033 1183 honores
1047 1121 1190 1200 amplissi-

157 1240 247 1290 smos
275 1221 447 1300 perducere,
476 1231 508 1281 ut
536 1220 636 1299 Scipio
664 1225 696 1282 P.
727 1219 882 1299 Rupilium
909 1221 1006 1299 potuit
1034 1223 1188 1283 consulem

183 1319 306 1392 efficere,
330 1320 448 1379 fratrem
470 1319 534 1379 eius
558 1317 684 1379 Lucium
706 1339 767 1380 non
787 1318 896 1396 potuit.
940 1320 1032 1396 Quod
1054 1318 1079 1380 si
1099 1319 1189 1381 etiam
1217 1380 1218 1383 ,

181 1414 277 1493 possis
291 1415 408 1493 quidvis
422 1417 536 1476 deleme
550 1416 590 1476 ad
604 1417 736 1489 alterum,
753 1414 916 1477 videndum
939 1427 984 1477 est
1001 1427 1101 1477 tamen
1115 1415 1188 1495 quid
1234 1433 1237 1444 ·

183 1512 231 1574 ille
244 1513 339 1591 possit
352 1511 504 1573 sustinere.
528 1511 661 1574 Omnino
676 1511 821 1573 amicitiae
835 1512 1033 1574 corroboratis
1046 1512 1105 1573 iam
1119 1532 1189 1573 con·
1201 1510 1241 1573 74

182 1609 363 1687 firmatisque
380 1619 410 1670 et
426 1609 551 1687 ingeniis
571 1620 600 1669 et
619 1609 765 1669 aetatibus
786 1608 964 1670 iudicandae
983 1620 1060 1681 sunt,
1078 1630 1142 1684 nec,
1163 1609 1188 1671 si

145 1735 170 1764 ιο
182 1704 232 1783 qui
252 1705 374 1767 ineunte
395 1717 491 1767 aetate
511 1705 640 1767 venandi
660 1715 711 1766 aut
734 1706 812 1784 pilae
836 1705 961 1768 studiosi
985 1710 1110 1782 suerunt,
1135 1725 1188 1768 eos

180 1805 292 1865 ¹habere
325 1804 517 1877 necessarios,
554 1823 630 1881 quos
666 1814 729 1863 tum
765 1805 873 1865 eodem
908 1803 1008 1866 studio
1038 1803 1187 1883 praeditos

184 1900 353 1961 dilexerunt
399 1903 463 1960 Isto
490 1899 571 1960 enim
598 1901 690 1961 modo
718 1900 847 1961 nutrices
874 1912 904 1962 et
931 1901 1098 1979 paedagogi
1125 1901 1188 1962 iure

184 1997 336 2060 vetustatis
350 1998 509 2076 plurimum
524 1997 750 2058 benevolentiae
771 2000 973 2075 postulabunt.
1017 1999 1077 2075 Qui
1091 2001 1189 2077 negler

184 2094 272 2172 gendi
287 2093 408 2172 quidem
422 2113 484 2154 non
499 2102 576 2165 sunt,
598 2093 651 2152 sed
664 2092 724 2152 alio
739 2094 871 2170 quodam
886 2094 978 2154 modo
996 2092 1187 2154 aestimandi:

146 2222 170 2261 ις
183 2191 267 2254 aliter
286 2192 433 2253 amicitiae
461 2190 581 2251 stabiles
601 2210 773 2267 permanere
794 2210 856 2251 non
877 2199 1010 2268 possunt.
1053 2187 1187 2266 Disparis

185 2289 264 2351 enim
279 2308 376 2350 mores
393 2286 523 2365 disparia
543 2287 642 2346 studia
662 2296 810 2360 secuntur,
831 2279 956 2362 quorum'
976 2285 1188 2347 dissimilitudo

185 2383 325 2445 dissociat
335 2375 488 2455 amicitias,
498 2402 554 2442 nec
569 2381 608 2442 ob
620 2380 707 2441 aliam
722 2401 841 2441 causam
854 2382 945 2439 ullam
953 2379 1026 2441 boni
1036 2379 1187 2457 improbis,

186 2479 313 2557 improbi
333 2477 421 2540 bonis
442 2477 529 2539 amici
550 2498 615 2539 esse
634 2497 696 2538 non
715 2487 849 2554 possunt,
865 2475 921 2536 nisi
935 2476 1019 2555 quod
1040 2486 1123 2536 tanta
1143 2486 1189 2537 est
1232 2492 1239 2543 j

184 2577 261 2640 inter
281 2597 342 2651 eos,
357 2586 469 2655 quanta
486 2573 615 2635 nraxima
633 2583 733 2652 potest
747 2593 821 2648 esse,
837 2593 953 2634 morum
963 2572 1189 2652 studiorumque

146 2710 172 2738 ιο
183 2675 328 2739 distantia
372 2678 468 2736 Recte
489 2673 577 2734 etiam
598 2672 729 2753 praecipi
750 2683 850 2752 potest
870 2672 901 2734 in
922 2672 1066 2748 amicitiis,
1088 2693 1127 2734 ne
1147 2672 1189 2734 in·
1202 2672 1241 2732 75

185 2784 347 2852 temperata
360 2774 506 2850 quaedam
521 2771 736 2844 benevolentia,
749 2773 832 2848 quod
843 2790 984 2848 persaepe
993 2772 1034 2845 fit,
1047 2769 1190 2848 impediat

185 2888 305 2948 magnas
319 2868 459 2928 utilitates
470 2866 639 2927 amicorum.
663 2869 730 2926 Nec
743 2865 832 2938 enirn,
844 2877 877 2926 ut
890 2866 928 2925 ad
939 2867 1052 2926 fabulas
1060 2867 1188 2938 redeam,

186 2964 306 3026 Troiam
321 2963 539 3040 Neoptolemus
553 2981 659 3039 capere
676 2961 830 3038 potuisset,
846 2962 870 3021 si
893 2962 1094 3039 Lycomeden,
1109 2961 1190 3038 apud

187 3082 275 3140 quem
294 3071 356 3121 erat
373 3061 525 3133 educatus,
540 3059 641 3118 multis
658 3079 726 3117 curn
744 3058 873 3119 lacrimis
893 3057 949 3118 iter
967 3077 1053 3117 suum
1067 3057 1190 3134 impedi-

147 3191 172 3229 ις
185 3170 284 3220 entem
300 3157 402 3218 audire
420 3157 568 3217 voluisset.
612 3158 652 3215 Et
672 3144 761 3233 saepe
779 3154 917 3215 incidunt
938 3172 1062 3230 magnae
1082 3172 1137 3226 res,
1157 3161 1190 3212 ut

187 3255 401 3317 discedendum
423 3252 460 3314 sit
480 3254 520 3312 ab
540 3251 656 3312 amicis:
677 3272 750 3330 quas
771 3252 822 3330 qui
850 3250 993 3329 impedire
1014 3252 1084 3326 volt,
1107 3250 1191 3327 quod

186 3351 364 3414 desiderium
378 3370 439 3412 non
454 3350 538 3412 facile
551 3352 632 3424 ferat,
642 3349 667 3410 is
682 3361 712 3410 et
726 3350 858 3410 infirmus
867 3361 911 3411 est
920 3348 1078 3427 mollisque
1085 3359 1195 3417 natura

187 3461 217 3519 et
230 3451 270 3512 ob
284 3470 351 3510 eam
365 3448 458 3526 ipsam
474 3467 592 3508 causam
607 3448 638 3506 in
652 3446 781 3507 amicitia
794 3467 898 3525 parum
911 3446 1012 3508 iustus.
1045 3448 1145 3524 Atque
1158 3443 1188 3505 in
1204 3445 1242 3524 76

186 3549 269 3613 omni
279 3569 310 3610 re
324 3547 576 3609 considerandum
587 3557 641 3619 est,
651 3555 682 3607 et
695 3545 767 3623 quid
777 3547 909 3624 postules
921 3544 959 3605 ab
969 3543 1066 3605 amico
1078 3542 1190 3622 etquid

148 3683 173 3720 ,ο
185 3647 295 3728 patiare
309 3667 328 3706 a
338 3657 367 3707 te
382 3644 538 3723 impetrari.

246 3743 332 3801 XXI.
375 3743 429 3801 Est
446 3739 536 3799 etiam
556 3739 704 3816 quaedam
723 3736 874 3798 calamitas
890 3738 922 3799 iu
943 3733 1078 3799 amicitiis
1095 3736 1191 3798 dimit-

187 3838 284 3901 tendis
310 3856 372 3898 non
399 3856 562 3913 numquam
584 3835 764 3897 necessaria:
793 3835 852 3895 iam
875 3836 955 3896 enim
978 3856 997 3895 a
1023 3834 1190 3913 sapientum

187 3932 430 3996 familiaritatibus
448 3935 488 3995 ad
507 3933 634 4011 volgaris
651 3931 794 3994 amicitias
813 3931 908 3994 oratio
921 3942 1022 3995 nostra
1035 3931 1189 3994 delabitur.

1045 4049 1122 4106 4-2
