3038 4876
291 731 368 792 xvr
383 720 440 813 5⁶]
636 732 705 793 nn
731 731 956 794 AMICITIA.
1255 752 1297 816 ,45

292 878 396 921 norum
413 857 482 930 vita,
494 857 637 921 nimirum
659 859 690 920 in
708 881 768 940 qua
784 863 867 923 nulla
883 862 968 936 fides,
985 864 1067 924 nulla
1085 863 1200 940 caritas,
1217 866 1300 928 nulla

291 955 402 1017 stabilis
415 955 641 1018 benevolentiae
654 968 754 1035 potest
767 978 833 1020 esse
852 958 970 1032 fiducia,
986 960 1087 1021 omnia
1104 981 1221 1040 semper
1238 982 1300 1023 sus·

290 1063 376 1131 pecta
389 1063 479 1130 atque
493 1053 627 1127 sollicita,
642 1057 742 1116 nullus
759 1057 843 1117 locus
860 1056 1015 1117 amicitiae.
1059 1058 1134 1134 Quis
1152 1058 1231 1119 enim
1247 1069 1298 1120 aut
1312 1057 1350 1120 53

290 1170 358 1211 eum
372 1148 483 1226 diligat,
500 1169 590 1227 quern
605 1162 726 1226 metuat,
741 1162 793 1213 aut
814 1173 893 1226 eum,
908 1173 927 1214 a
944 1173 1006 1232 quo
1025 1174 1058 1216 se
1079 1155 1171 1216 metui
1189 1161 1299 1234 putet?

290 1249 438 1311 Coluntur
451 1259 552 1308 tamen
569 1249 758 1311 simulatione
773 1252 927 1312 dumtaxat
943 1253 983 1313 ad
997 1262 1123 1330 tempus.
1167 1255 1257 1330 Quod
1272 1253 1298 1314 si

289 1347 371 1420 forte,
396 1356 430 1408 ut
453 1349 487 1408 fit
513 1350 698 1426 plerumque,
720 1348 890 1423 ceciderint,
914 1361 977 1410 turn
1005 1348 1184 1428 intellegitur
1206 1370 1297 1429 quam

288 1444 394 1504 suerint
408 1445 515 1522 inopes
529 1445 700 1507 amicorum.
745 1447 836 1523 Quod
851 1447 1047 1525 Tarquinium
1066 1447 1175 1509 dixisse
1189 1450 1294 1523 serunt,

288 1551 351 1601 tum
365 1526 595 1604 exsulantem‘se
609 1542 797 1618 intellexisse,
812 1564 889 1622 quos
908 1545 985 1605 fidos
1005 1543 1119 1605 amicos
1135 1544 1294 1620 habuisset,

288 1653 362 1714 quos
372 1636 490 1710 infidos,
503 1659 572 1699 cum
587 1639 647 1699 iam
662 1638 774 1700 neutris
787 1640 911 1718 gratiam
925 1641 1032 1701 referre
1042 1650 1151 1718 posset.
1184 1642 1295 1717 Quam·
1309 1639 1348 1702 54
1424 1658 1426 1663 ·

287 1754 376 1813 quarn
398 1735 497 1810 miror,
522 1735 573 1797 illa
597 1736 737 1816 superbia
758 1747 788 1799 et
810 1736 1035 1816 importunitate
1062 1737 1086 1798 si
1114 1757 1294 1816 quemquam

286 1832 414 1896 amicum
431 1834 540 1895 habere
559 1835 664 1913 potuit.
707 1837 808 1913 Atque
828 1844 862 1895 ut
880 1832 975 1909 huius,
997 1853 1086 1912 quem
1109 1832 1178 1909 dixi,
1196 1854 1293 1896 mores

287 1952 370 1994 veros
384 1931 497 1994 amicos
516 1953 619 2012 parare
633 1953 695 1994 non
714 1942 882 2012 potuerunt,
897 1931 940 1993 sic
953 1933 1112 1994 multorum
1127 1952 1199 2011 opes
1212 1952 1293 2010 prae·

287 2029 452 2108 potentium
467 2031 631 2092 excludunt
645 2029 788 2092 amicitias
801 2030 904 2092 fidelis.
938 2032 1009 2091 Non
1024 2029 1104 2091 enim
1118 2031 1214 2090 solum
1229 2029 1293 2108 ipsa

287 2129 403 2188 fortuna
423 2147 514 2187 caeca
540 2138 594 2202 est,
615 2129 667 2189 sed
690 2147 742 2188 eos
763 2127 851 2187 etiam
872 2129 1046 2206 plerumque
1066 2125 1155 2188 efficit
1175 2147 1291 2201 caecos,

286 2245 360 2302 quos
373 2227 528 2303 complexa
543 2237 595 2287 est
640 2229 746 2304 Itaque
761 2228 921 2287 efferuntur
934 2227 994 2286 fere
1014 2224 1132 2307 fastidio
1146 2234 1177 2285 et
1190 2235 1292 2286 contu-

287 2322 389 2396 macia,
404 2341 460 2382 nec
475 2322 635 2400 quicquam
654 2321 812 2400 insipiente
831 2323 981 2382 fortunato
998 2307 1210 2390 intolerabilius
1228 2319 1291 2381 neri

287 2428 390 2495 potest
432 2421 532 2495 Atque
548 2420 606 2478 hoc
619 2419 740 2496 quidem
755 2418 854 2479 videre
875 2416 952 2492 licet,
969 2436 1030 2491 eos,
1045 2417 1096 2494 qui
1109 2427 1198 2477 antea
1211 2437 1292 2478 corn·

286 2514 380 2576 modis
394 2514 502 2575 fuerint
517 2515 657 2589 moribus,
674 2515 799 2593 imperio
812 2524 960 2593 potestate
974 2513 1123 2593 prosperis
1136 2516 1225 2575 rebus
1239 2513 1291 2573 im-

286 2611 396 2685 mutari,
412 2613 510 2691 sperni
524 2615 563 2673 ab
578 2612 620 2673 eis
634 2624 747 2673 veteres
761 2612 912 2686 amicitias,
924 2610 1069 2688 indulgeri
1083 2610 1175 2672 novis.
1208 2611 1290 2688 Quid
1305 2611 1341 2670 55

285 2720 381 2770 autem
395 2709 511 2770 stultius
520 2729 619 2787 quam,
630 2730 699 2771 cum
710 2710 870 2788 plurimum
881 2709 976 2787 copiis
987 2708 1173 2769 facultatibus
1183 2708 1290 2786 opibus

286 2807 406 2884 possint,
424 2819 522 2868 cetera
535 2828 645 2886 parare,
661 2828 738 2886 quae
751 2819 891 2886 parantur
905 2807 1040 2886 pecunia,
1055 2827 1149 2885 equos
1163 2808 1290 2868 famulos

286 2915 394 2965 vestem
408 2904 553 2984 egregiam
567 2927 638 2966 vasa
651 2906 797 2982 pretiosa:
818 2906 930 2966 amicos
944 2925 1006 2966 non
1020 2925 1131 2983 parare,
1146 2905 1289 2982 optimam

286 3009 313 3058 et
326 3000 550 3077 pulcherrimam
565 2999 651 3074 vitae,
664 3011 697 3059 ut
712 3000 753 3059 ita
767 2999 875 3072 dicam,
890 2999 1127 3077 supellectilem?
1141 3072 1144 3083 ι
1168 2998 1288 3060 Etenim

286 3107 379 3154 :etera
392 3114 461 3171 cum
475 3106 587 3172 parant,
603 3095 653 3154 cui
667 3106 771 3172 parent
787 3096 923 3154 nesciunt
937 3114 993 3154 nec
1008 3094 1092 3154 cuius
1106 3083 1196 3154 caiisa¹
1208 3095 1289 3154 labo·

286 3198 345 3249 :ant
355 3210 365 3264 3
384 3189 447 3250 eius
466 3189 546 3250 enim
561 3202 606 3251 est
616 3191 743 3278 istorum
761 3191 894 3267 quidque
915 3189 965 3267 qui
980 3188 1051 3249 vicit
1068 3188 1179 3249 viribus
1188 3209 1197 3264 ;
1217 3188 1288 3249 ami·
1354 3224 1359 3234 ·

284 3285 414 3346 citiamm
435 3306 490 3348 sua
507 3287 615 3366 cuique
635 3300 789 3367 permanet
809 3288 922 3350 stabilis
937 3297 966 3349 et
984 3298 1064 3348 certa
1077 3286 1234 3370 possessio,
1254 3297 1287 3349 ut

284 3379 370 3442 etiam
389 3379 414 3441 si
428 3380 478 3440 illa
491 3395 639 3456 maneant,
656 3401 733 3460 quae
753 3392 822 3442 sunt
836 3380 920 3459 quasi
939 3382 1020 3442 dona
1033 3383 1174 3454 fortunae,
1186 3391 1286 3442 tamen

284 3475 340 3536 vita
360 3474 472 3537 inculta
495 3488 525 3537 et
547 3479 664 3539 deserta
683 3480 722 3538 ab
742 3477 845 3538 amicis
866 3498 928 3542 non
948 3477 1041 3557 possit
1061 3497 1127 3540 esse
1146 3477 1284 3539 iucunda.

283 3574 339 3636 Sed
353 3575 427 3636 haec
441 3577 592 3638 hactenus.
1247 3573 1249 3576 ’
1302 3657 1304 3660 ⁴

338 3673 422 3731 XVI.
467 3674 677 3735 Constituendi
706 3684 806 3734 autem
834 3685 912 3748 sunt,-
936 3672 987 3751 qui
1016 3673 1074 3734 sint
1101 3672 1132 3733 in
1156 3671 1286 3734 amicitia
1300 3674 1336 3732 fid

282 3768 354 3828 fines
372 3777 403 3828 et
421 3769 506 3847 quasi
520 3771 637 3831 termini
656 3770 806 3850 diligendi.
851 3775 900 3850 De
917 3771 1026 3848 quibus
1044 3769 1096 3831 tris
1116 3769 1206 3831 video
1221 3789 1285 3831 sen·

282 3863 386 3925 tentias
400 3855 615 3944 ferriquarum
630 3869 741 3927 nullam
763 3868 877 3946 probo:
898 3887 998 3940 unam,
1012 3878 1045 3928 ut
1064 3867 1172 3929 eodem
1191 3868 1284 3928 modo

282 3979 348 4039 erga
367 3961 497 4023 amicum
516 3963 614 4025 affecti
633 3965 725 4025 simus
741 3984 801 4043 quo
815 3984 885 4044 erga
898 3973 1017 4038 nosmet
1031 3964 1111 4042 ipsos
1120 3984 1130 4040 3
1150 3965 1281 4040 alteram,
