3038 4876
292 710 331 784 48
689 709 910 802 triatrus,
1062 772 1067 786 ,
1135 705 1242 791 [xvrr
1257 714 1295 772 ⁶2

240 840 278 900 6³
293 837 436 902 iudicium
458 839 594 921 tollitque
619 841 790 921 experiendi
813 850 999 921 potestatem
1041 843 1106 930 'Est
1124 840 1212 921 igitur
1229 861 1298 922 pru·

293 936 392 998 dentis
406 937 550 1000 sustinere
568 950 601 1000 ut
618 959 746 1015 cursum,
762 939 805 1001 sic
822 940 966 1018 impetum
984 940 1219 1033 benevolentiae,
1235 960 1297 1019 quo

292 1047 418 1112 utamur,
440 1038 526 1115 quasi
546 1039 630 1116 equis
650 1040 808 1117 temptatis,
831 1039 874 1100 sic
891 1037 1021 1099 amicitia
1038 1057 1076 1098 ex
1093 1040 1193 1116 aliqua
1212 1051 1297 1117 parte

292 1134 462 1212 periclitatis
490 1135 622 1196 moribus
649 1135 820 1196 amicorum.
871 1135 1003 1209 Quidam
1030 1153 1119 1211 saepe
1146 1133 1179 1193 in
1205 1153 1297 1213 parva

292 1231 420 1308 pecunia
432 1231 649 1309 perspiciuntur
662 1251 753 1308 quam
773 1231 832 1292 sint
845 1233 925 1292 leves
931 1253 940 1306 ;
961 1230 1083 1308 quidam
1096 1242 1204 1304 autem,
1220 1249 1297 1308 quos

292 1346 383 1404 parva
395 1345 515 1394 movere
529 1348 590 1389 non
605 1328 708 1406 potuit,
724 1339 944 1406 cognoscuntur
956 1327 987 1388 in
1001 1347 1116 1405 magna.
1136 1359 1142 1372 ·
1159 1328 1211 1389 Sin
1225 1348 1297 1389 vero

294 1436 380 1487 erunt
393 1426 486 1504 aliqui
499 1427 606 1506 reperti
627 1427 679 1505 qui
699 1426 856 1504 pecuniam
872 1427 1018 1504 praeferre
1036 1426 1183 1487 amicitiae
1205 1426 1297 1487 sordi-

292 1523 366 1583 dum
379 1523 556 1598 existiment,
571 1523 622 1585 ubi
636 1544 688 1585 eos
699 1523 891 1598 inveniemus,
903 1522 954 1601 qui
967 1524 1096 1584 honores
1110 1523 1296 1602 magistratus

293 1621 418 1699 imperia
436 1633 598 1700 potestates
617 1641 690 1700 opes
710 1621 857 1682 amicitiae
878 1641 939 1682 non
961 1633 1153 1698 anteponant,
1170 1632 1211 1694 ut,
1227 1641 1296 1681 cum

292 1736 330 1779 ex
348 1719 441 1779 altera
460 1728 543 1795 parte
560 1717 713 1796 proposita
731 1719 806 1778 haec
827 1717 893 1793 sint,
910 1737 947 1778 ex
963 1718 1055 1777 altera
1076 1717 1122 1778 ius
1140 1716 1296 1795 amicitiae,
1313 1749 1322 1775 ι

292 1832 354 1874 non
372 1816 465 1876 multo
483 1815 533 1875 illa
550 1815 673 1875 malint?
714 1814 869 1874 Imbecilla
887 1813 966 1874 enim
985 1824 1030 1874 est
1048 1824 1153 1873 natura
1170 1812 1210 1871 ad
1224 1830 1296 1872 con·

291 1913 484 1973 temnendam
498 1912 676 1990 potentiam:
697 1930 788 1989 quam
803 1910 892 1971 etiam
902 1910 926 1971 si
941 1912 1075 1989 neglecta
1082 1909 1211 1970 amicitia
1225 1929 1296 1970 con·

293 2008 386 2070 secuti
400 2008 467 2081 sint,
482 2012 673 2070 obscuratum
692 2007 726 2068 iri
740 2007 925 2082 arbitrantur,
941 2008 1011 2085 qnia
1029 2026 1090 2067 non
1109 2007 1173 2067 sine
1188 2025 1297 2084 magna

240 2107 279 2169 64
293 2126 383 2168 causa
396 2107 434 2169 sit
447 2108 582 2186 neglecta
591 2106 728 2169 amicitia.
753 2108 859 2184 Itaque
869 2125 955 2168 verae
966 2104 1114 2166 amicitiae
1124 2104 1297 2166 difficillime

292 2204 477 2282 reperiuntur
489 2203 521 2263 in
536 2205 585 2278 eis,
602 2203 654 2282 qui
667 2204 698 2263 in
715 2203 877 2263 honoribus
891 2222 981 2280 reque
1000 2203 1121 2280 publica
1133 2214 1294 2263 versantur.
1313 2235 1327 2267 ι,

293 2302 355 2364 Ubi
370 2301 449 2362 enim
464 2300 552 2362 istum
564 2300 705 2376 invenias,
721 2301 773 2379 qui
786 2303 931 2361 honorem
945 2299 1032 2360 amici
1047 2310 1209 2377 anteponat
1224 2303 1297 2362 suo?

293 2399 393 2477 Quid?
433 2400 508 2460 haec
522 2412 554 2461 ut
568 2400 713 2474 omittam,
723 2420 817 2479 ¹quam
836 2420 947 2479 graves,
963 2419 1054 2478 quam
1073 2399 1207 2459 difficiles
1222 2401 1297 2476 pler·

293 2496 378 2573 isque
392 2494 529 2557 videntur
543 2497 743 2557 calamitatum
757 2497 922 2570 societates,
934 2498 973 2556 ad
988 2516 1061 2574 quas
1075 2516 1136 2556 non
1151 2507 1196 2556 est
1209 2497 1296 2558 facile

221 2657 223 2662 ,
293 2595 415 2656 inventu
429 2594 480 2673 qui
494 2596 684 2655 descendant
728 2596 917 2672 Quamquam
931 2594 1044 2654 Ennius
1058 2604 1156 2656 recte:

277 2685 279 2688 ’
493 2694 613 2753 Amicus
625 2701 715 2754 certus
728 2695 759 2753 in
773 2713 805 2752 rc
817 2694 921 2752 incerta
934 2695 1076 2762 cernitur,·
1094 2717 1098 2724 ·
1312 2725 1323 2752 2

293 2807 393 2856 tamen
401 2795 476 2854 haec
489 2794 550 2853 duo
564 2787 689 2854 levitatis
700 2805 730 2853 et
744 2791 919 2853 infirmitatis
933 2792 1090 2869 plerosque
1103 2790 1294 2866 convincunt,

293 2902 345 2951 aut
359 2890 383 2950 si
397 2891 428 2949 in
442 2891 529 2950 bonis
542 2891 629 2950 rebus
644 2900 841 2950 contemnunt
854 2900 905 2948 aut
920 2888 950 2948 in
963 2888 1049 2961 malis
1063 2889 1212 2950 deserunt
1235 2890 1296 2965 Qui

293 2985 381 3063 igitur
406 2996 531 3062 utraque
558 2984 588 3044 in
616 3005 647 3045 re
674 3005 793 3063 gravem
827 2996 1013 3045 constantem
1042 2985 1177 3044 stabilem
1204 3004 1238 3046 se
1265 2985 1297 3046 in

293 3081 424 3142 amicitia
442 3081 625 3159 praestiterit,
639 3083 721 3141 hunc
739 3102 776 3142 ex
796 3083 923 3142 maxime
942 3100 1006 3141 raro
1019 3100 1127 3158 genere
1141 3061 1297 3143 hominum

294 3178 423 3237 iudicare
437 3178 580 3236 debemus
594 3188 624 3237 et
638 3196 732 3254 paene
746 3177 855 3238 divino.

241 3277 278 3336 65
354 3276 473 3334 XVIlI.
517 3275 748 3334 Firmamentum
759 3285 857 3334 autem
872 3272 1037 3335 stabilitatis
1051 3272 1296 3351 constantiaeque

295 3376 341 3429 est
355 3365 418 3427 eius
433 3385 523 3444 quem
537 3365 568 3426 in
586 3366 718 3427 amicitia
736 3366 905 3445 quaerimus
923 3368 1005 3426 fides.
1049 3367 1132 3426 Nihil
1150 3379 1195 3428 est
1216 3367 1296 3427 enirn

293 3464 407 3539 stabile,
423 3466 505 3542 quod
519 3463 644 3524 infidum
658 3474 711 3526 est.
755 3465 925 3542 Simplicem
946 3474 1097 3544 praeterea
1118 3476 1149 3526 et
1165 3484 1297 3527 commu-

292 3584 362 3626 nem
384 3574 414 3626 et
436 3562 681 3639 consentientem,
705 3563 736 3625 id
760 3568 813 3639 est,
839 3565 889 3643 qui
907 3567 995 3626 rebus
1013 3564 1108 3626 isdem
1133 3576 1296 3640 moveatur,

278 3659 368 3738 ,elegi
387 3679 441 3738 par
454 3670 514 3734 est;
535 3678 612 3736 quae
630 3660 732 3720 omnia
745 3660 893 3738 pertinent
910 3661 950 3734 ad
963 3659 1145 3720 fidelitatem.
1188 3661 1297 3737 Neque
1313 3694 1323 3730 ³

292 3755 373 3817 enim
395 3757 488 3816 fidum
506 3767 606 3833 potest
628 3775 693 3817 esse
716 3757 871 3833 multiplex
892 3755 1044 3834 ingenium
1066 3766 1097 3816 et
1121 3765 1295 3831 tortuosum,

292 3871 390 3930 neque
410 3872 489 3926 ver0,
511 3852 563 3929 qui
584 3871 645 3913 non
666 3853 762 3913 isdem
782 3855 870 3913 rebus
890 3863 1025 3914 movetur
1044 3862 1207 3928 naturaque
1228 3872 1298 3913 con-

293 3947 390 4030 sentit,
405 3958 457 4010 aut
470 3948 548 4009 fidus
562 3959 613 4009 aut
632 3947 744 4039 stabilis
757 3957 856 4026 potest
874 3967 948 4008 esse.
989 3947 1172 4008 Addenduru
1189 3949 1297 4009 eodem
