3038 4876
291 709 331 786 58
640 754 645 763 .
684 698 885 761 marrus
1122 691 1240 779 [xxm
1255 711 1293 774 97

250 899 253 903 ,
290 834 378 907 valet,
402 830 427 893 si
454 831 546 893 modo
566 830 599 893 id
623 829 803 909 patefactum
831 838 862 889 et
887 826 1064 888 illustratum
1086 836 1140 898 est,
1165 822 1239 902 quid
1262 821 1295 883 iu

290 927 419 999 amicitia
433 927 496 988 fieri
510 936 635 1007 oportet,
645 943 723 1003 quae
737 933 801 984 tota
813 922 936 984 veritate
950 920 1162 1000 perpenditur?
1183 920 1221 980 In
1234 928 1296 997 q'ua

291 1025 356 1100 nisi,
378 1036 411 1086 ut
432 1024 546 1100 dicitur,
569 1035 704 1101 apertum
726 1034 830 1101 pectus
849 1021 952 1083 videas
975 1033 1120 1099 tuumque
1143 1020 1293 1094 ostendas,

291 1121 365 1180 nihil
380 1121 482 1194 fidum,
498 1120 570 1181 nihil
587 1120 773 1200 exploratum
791 1119 910 1194 babeas,
926 1136 966 1178 ne
985 1137 1084 1178 amare
1102 1116 1225 1194 quidem
1243 1127 1295 1175 aut

292 1216 392 1290 amari,
407 1236 475 1276 cum
486 1215 515 1276 id
530 1234 620 1293 quam
633 1235 701 1277 vere
715 1216 767 1275 fiat
780 1213 904 1292 ignores
927 1215 1116 1291 Quamquam
1129 1213 1186 1272 ista
1198 1230 1298 1273 assen·
1324 1245 1329 1280 ς

294 1313 377 1386 tatio,
398 1313 533 1391 quamvis
554 1312 720 1391 perniciosa
740 1313 785 1388 sit,
809 1331 918 1373 nocere
938 1323 1039 1372 tamen
1065 1309 1177 1372 nemini
1199 1321 1297 1388 potest

294 1410 350 1472 nisi
371 1410 406 1486 ei,
428 1411 481 1488 qui
501 1429 567 1472 eam
587 1410 691 1489 recipit
711 1414 801 1488 atque
820 1430 857 1472 ea
877 1411 1047 1472 delectatur.
1090 1411 1139 1470 Ita
1158 1409 1192 1468 fit
1215 1418 1250 1469 ut
1273 1407 1298 1469 is

294 1508 525 1571 assentatoribus
546 1508 703 1588 patefaciat
725 1507 803 1570 auris
827 1527 894 1569 suas
916 1507 1052 1583 maxime,
1075 1506 1127 1584 qui
1154 1505 1218 1583 ipse
1241 1504 1299 1566 sibi

243 1608 281 1668 98
295 1616 461 1668 assentetur
473 1618 503 1668 et
517 1627 550 1669 se
570 1607 698 1670 maxime
714 1607 776 1686 ipse
794 1608 931 1669 delectet
973 1605 1107 1668 Omnino
1126 1615 1172 1667 est
1192 1623 1298 1666 amans

296 1705 341 1766 sui
354 1705 460 1779 virtus,
480 1706 592 1783 optime
606 1706 686 1767 enim
700 1725 733 1766 se
751 1705 814 1783 ipsa
835 1704 918 1766 novit
936 1723 1086 1783 quamque
1104 1704 1240 1765 amabilis
1263 1703 1301 1765 sit
1316 1735 1329 1762 ι.

253 1836 255 1841 ·
296 1802 453 1880 intellegit:
474 1820 530 1884 ego
543 1814 643 1864 autem
658 1821 720 1863 non
730 1804 769 1863 de
782 1802 889 1864 virtute
902 1822 983 1863 nunc
996 1803 1110 1879 loquor,
1123 1802 1177 1863 sed
1190 1803 1229 1862 de
1243 1800 1299 1862 vir·

296 1899 367 1958 tutis
390 1897 539 1976 opinione.
583 1898 700 1960 Virtute
720 1898 801 1960 enim
821 1898 886 1976 ipsa
906 1917 968 1959 nou
988 1908 1049 1958 tam
1070 1896 1154 1958 multi
1174 1895 1300 1975 praediti

264 2042 268 2049 .
297 2014 363 2056 esse
377 2009 467 2074 quam
480 1995 573 2057 videri
586 1997 699 2057 volunt
743 1998 811 2057 Hos
825 1997 953 2058 delectat
971 1996 1140 2073 assentatio,
1155 1995 1201 2057 his
1214 1997 1302 2057 fictus

299 2094 338 2155 ad
360 2093 491 2171 ipsorum
513 2096 695 2155 voluntatem
719 2113 817 2156 sermo
843 2115 913 2155 cum
943 2094 1110 2170 adhibetur,
1135 2093 1301 2156 orationem

299 2189 380 2250 illam
393 2209 499 2251 vanam
514 2190 715 2252 testimonium
730 2206 795 2253 esse
810 2193 930 2253 laudum
945 2212 1063 2253 suarum
1077 2201 1190 2270 putant.
1213 2193 1305 2253 Nulla
1320 2224 1327 2251 ι

301 2298 346 2347 est
366 2285 453 2365 igitur
472 2288 547 2347 haec
567 2287 705 2363 amicitia,
727 2308 796 2348 cum
815 2290 890 2349 alter
908 2307 1010 2351 verum
1030 2288 1132 2350 audire
1153 2309 1214 2350 non
1231 2291 1303 2365 volt,

301 2385 376 2444 alter
401 2384 440 2444 ad
455 2384 674 2446 ,mentiendum
700 2399 819 2465 paratus
846 2398 898 2448 est.
939 2389 1023 2447 'Nec
1049 2387 1245 2464 parasitorum
1273 2389 1304 2449 in

301 2479 467 2541 comoediis
479 2480 640 2542 assentatio
647 2483 744 2543 faceta
753 2482 840 2543 uobis
853 2483 1009 2559 videretur,
1024 2483 1082 2544 nisi
1090 2496 1189 2546 essent
1197 2485 1305 2546 milites

303 2575 431 2653 gloriosi

483 2715 612 2790 Magnas
625 2734 690 2775 vero
702 2735 782 2792 agere
787 2717 903 2794 gratias
919 2717 1013 2776 Thais
1022 2717 1114 2778 mikil
1210 2687 1213 2692 Α

304 2859 381 2922 Satis
399 2871 462 2923 erat
481 2863 661 2940 respondere
684 2863 836 2941 ‘magnas'
880 2863 1022 2943 Ingentis,
1038 2862 1142 2941 inquit
1183 2866 1308 2943 Semper

305 2969 394 3035 auget
416 2970 581 3020 assentator
600 2957 640 3035 id,
663 2961 747 3036 quod
770 2959 802 3035 is,
821 2959 905 3020 cuius
926 2960 965 3020 ad
982 2961 1166 3021 voluntatem
1189 2958 1306 3037 dicitur,

254 3057 292 3116 99
307 3058 367 3117 volt
382 3076 446 3118 esse
466 3077 615 3135 magnum.
658 3058 759 3132 Quam
777 3059 818 3118 ob
837 3078 907 3132 rem,
923 3077 1105 3135 quamquam
1122 3058 1234 3118 blanda
1252 3057 1310 3118 ista

306 3152 421 3215 vanitas
438 3153 518 3229 apud
540 3171 591 3213 eos
608 3154 694 3227 valet,
717 3152 768 3229 qui
785 3153 841 3231 ipsi
859 3153 939 3213 illam
956 3154 1105 3213 adlectant
1122 3163 1152 3213 et
1173 3152 1308 3227 invitant,

308 3259 408 3310 tamen
427 3247 517 3308 etiam
534 3247 682 3326 graviores
699 3248 973 3325 constantioresque
987 3247 1172 3308 admonendi
1185 3257 1263 3321 sunt,
1278 3258 1311 3307 ut
1325 3281 1331 3306 ι

307 3342 543 3406 animadvertant
565 3363 603 3405 ne
631 3328 739 3405 callida
765 3332 967 3408 assentatione
994 3344 1155 3423 capiantur.
1198 3346 1310 3421 Aperte

309 3441 389 3503 enim
402 3440 573 3502 adulantem
592 3459 681 3502 nemo
695 3460 756 3501 non
770 3441 859 3515 videt,
875 3441 931 3503 nisi
953 3442 1004 3521 qui
1020 3442 1183 3502 admodum
1202 3451 1247 3502 est
1265 3460 1312 3502 ex-

309 3557 394 3600 cors:
413 3537 538 3600 callidus
553 3538 602 3600 ille
616 3550 646 3600 et
659 3540 792 3600 occultus
812 3559 849 3601 ne
863 3559 896 3601 se
909 3540 1048 3614 insinuet,
1061 3538 1193 3600 studiose
1207 3557 1313 3599 caven·

310 3638 382 3698 dum
401 3647 454 3699 est.
497 3639 563 3702 Nec
582 3636 661 3699 enim
680 3637 818 3699 facillime
835 3639 1010 3715 agnoscitur,
1026 3637 1137 3716 quippe
1157 3635 1208 3714 qui
1222 3635 1313 3697 etiam

310 3732 495 3793 adversando
503 3750 592 3810 saepe
606 3744 771 3792 assentetur
781 3744 811 3793 et
825 3732 938 3811 litigare
952 3753 984 3793 se
995 3733 1135 3792 simulans
1145 3733 1315 3794 blandiatur

266 3845 277 3896 ·,
311 3839 401 3905 atque
423 3827 462 3887 ad
483 3837 648 3909 extremum
670 3829 722 3888 det
742 3830 848 3888 mamis
864 3828 1002 3907 vincique
1022 3848 1054 3890 se
1070 3828 1204 3908 patiatur,
1225 3839 1258 3889 ut
1276 3829 1311 3904 is,

312 3922 364 4002 qul
385 3921 487 3990 illusus
509 3921 555 3998 sit,
577 3923 644 4003 plua
667 3920 937 4002 vidissevideatur.
981 3923 1063 4000 Quid
1084 3934 1185 3985 autem
1201 3923 1315 4003 turpius
