3038 4876
210 742 309 805 ·xx11
324 736 376 826 8³]
560 741 629 801 oa
653 739 879 804 Anicium.
1179 749 1217 818 st

213 872 398 954 potissimum
413 870 546 951 diligunt,
561 870 719 951 exquibus
733 881 851 950 sperant
870 891 902 933 se
915 868 1077 932 maximum
1090 871 1219 932 fructum

213 991 278 1034 esse
292 980 438 1050 capturos.
463 973 510 1032 lta
523 969 721 1048 pulcherrima
734 969 784 1031 illa
797 980 827 1032 et
840 969 970 1031 maxime
980 968 1103 1030 naturali
1118 978 1218 1030 carent
1232 969 1271 1028 80

213 1068 343 1129 amicitia
356 1088 410 1146 per
423 1087 455 1128 se
472 1077 502 1127 et
515 1078 637 1144 propter
650 1086 683 1127 se
698 1067 836 1144 expetita,
851 1085 909 1126 nec
927 1064 983 1143 ipsi
1002 1064 1057 1126 sibi
1079 1065 1217 1143 exemplo

212 1174 289 1238 sunt,
304 1165 379 1225 haec
392 1164 437 1224 vis
451 1162 599 1244 amicitiae
610 1174 640 1223 et
655 1162 752 1241 qualis
771 1172 801 1223 et
816 1172 929 1240 quanta
942 1162 979 1223 sit
983 1183 992 1238 3
1013 1160 1077 1239 ipse
1091 1159 1171 1221 enim
1185 1179 1217 1221 se
1251 1192 1254 1198 =

185 1262 336 1341 squisque
357 1260 461 1340 diligit,
477 1281 539 1323 non
553 1273 586 1322 ut
606 1262 734 1339 aliquam
755 1281 773 1322 a
794 1280 826 1322 se
845 1260 910 1339 ipse
930 1262 1098 1321 mercedem
1120 1259 1217 1338 exigat

212 1358 341 1421 caritatis
355 1379 435 1433 suae,
445 1361 499 1421 sed
513 1360 596 1438 quod
617 1380 670 1438 per
690 1379 722 1420 se
739 1359 865 1437 quisque
882 1357 939 1420 sibi
953 1377 1039 1418 carus
1053 1369 1098 1419 est
1103 1379 1112 1433 3
1132 1357 1216 1436 quod

211 1454 268 1515 nisi
280 1455 361 1516 idem
377 1456 407 1516 in
421 1455 581 1516 amicitiam
602 1457 800 1529 transferetur,
815 1475 904 1515 verus
921 1453 1035 1515 amicus
1052 1473 1215 1536 numquam

210 1551 384 1630 reperietur:
398 1563 444 1614 est
457 1553 537 1614 enim
552 1553 585 1627 is,
601 1552 652 1631 qui
666 1563 712 1613 est
726 1562 877 1630 tamquam
887 1553 960 1613 alter
973 1550 1063 1614 idem.
1092 1551 1181 1627 Quod
1191 1549 1216 1610 si
1229 1549 1268 1610 81

211 1649 269 1710 hoc
277 1659 400 1728 apparet
409 1650 440 1709 in
450 1649 731 1711 bestiisvolucribus
739 1649 879 1709 nantibus
890 1633 1216 1736 agrestibus,cicuribus

173 1779 198 1807 ιο
209 1747 285 1822 feris,
300 1749 428 1826 primum
442 1759 475 1810 ut
493 1768 525 1809 se
539 1748 621 1827 ipsae
635 1747 768 1827 diligant,
784 1747 815 1810 id
830 1746 910 1809 enim
924 1746 1033 1826 pariter
1049 1736 1215 1808 cumomni

211 1846 360 1910 animante
382 1847 518 1924 nascitur,
545 1847 655 1910 deinde
675 1858 709 1909 ut
729 1848 879 1926 requirant
898 1858 990 1926 atque
1010 1857 1153 1926 appetant
1173 1848 1214 1910 ad

211 1964 285 2023 quas
299 1965 331 2008 se
352 1945 501 2024 applicent
523 1947 657 2008 eiusdem
677 1946 794 2025 generis
814 1945 982 2021 animantis,
997 1943 1089 2022 idque
1103 1944 1214 2006 saciant

211 2063 280 2109 cum
294 2042 441 2105 desiderio
456 2054 486 2104 et
500 2063 568 2104 curn
589 2042 718 2121 quadam
739 2041 933 2104 similitudine
951 2041 1060 2102 amoris
1079 2041 1211 2115 humani,

211 2151 325 2219 quanto
339 2139 371 2203 id
384 2140 478 2219 magis
492 2142 523 2202 in
531 2141 653 2202 homine
666 2143 699 2202 fit
712 2153 825 2216 natura,
836 2137 889 2219 qui
903 2147 934 2201 et
947 2159 979 2201 se
993 2138 1057 2218 ipse
1071 2136 1167 2218 diligit
1180 2147 1211 2200 et

172 2236 196 2310 ις
210 2241 333 2301 alterum
360 2240 497 2318 anquirit,
522 2240 606 2301 cuius
626 2239 758 2300 animum
782 2240 824 2300 ita
846 2258 917 2300 cum
943 2258 998 2300 suo
1022 2237 1154 2314 misceat,
1180 2246 1213 2298 ut

211 2337 317 2399 efficiat
331 2356 426 2415 paene
440 2358 533 2399 unum
547 2358 583 2399 ex
597 2339 733 2400 duobus!

269 2436 372 2497 XXII.
414 2438 474 2498 Sed
496 2436 630 2515 plerique
652 2456 796 2515 perverse,
820 2456 859 2497 ne
886 2435 984 2498 dicam
1012 2435 1211 2515 impudenter,
1226 2437 1264 2496 82

209 2533 319 2595 habere
340 2534 430 2595 talem
448 2534 577 2594 amicum
598 2535 711 2608 volunt,
727 2536 830 2613 quales
847 2534 904 2614 ipsi
921 2555 986 2597 esse
1000 2555 1063 2596 non
1076 2543 1211 2612 possunt,

209 2650 344 2709 quaeque
365 2630 422 2710 ipsi
444 2651 505 2693 non
529 2631 662 2693 tribuunt
683 2631 794 2708 amicis,
816 2633 891 2694 haec
911 2634 950 2693 ab
970 2633 1013 2695 eis
1033 2631 1211 2695 desiderant.

169 2759 195 2788 ω
208 2730 266 2789 Par
298 2739 344 2789 est
370 2738 470 2788 autern
498 2728 626 2807 primum
654 2727 752 2806 ipsum
787 2749 852 2790 esse
878 2728 973 2790 virum
1001 2730 1123 2804 bonum,
1150 2739 1214 2790 tum

208 2827 334 2887 alterurn
361 2825 487 2887 similem
515 2825 560 2887 sui
587 2846 735 2904 quaerere.
780 2830 817 2887 In
840 2826 948 2888 talibus
971 2846 1015 2899 ea,
1039 2847 1129 2904 quarn
1152 2826 1212 2886 iam

208 2924 323 2984 dudum
338 2934 505 2997 tractamus,
520 2923 664 2984 stabilitas
678 2921 825 2984 amicitiae
839 2921 1007 2983 confirmari
1020 2933 1128 2999 potest,
1143 2941 1212 2981 cum
1231 2907 1233 2912 ⁵

207 3017 344 3081 homines
368 3018 579 3080 benevolentia
602 3017 755 3079 coniuncti
778 3018 906 3096 primum
933 3018 1145 3096 cupiditatibus
1169 3018 1211 3079 eis

208 3115 316 3193 quibus
332 3115 422 3176 ceteri
443 3114 572 3175 serviunt
593 3113 791 3192 imperabunt,
812 3114 923 3175 deinde
943 3113 1091 3191 aequitate
1109 3111 1213 3174 iustiti-

168 3242 193 3282 ,ς
205 3231 283 3290 aque
302 3213 476 3291 gaudebunt
495 3211 655 3291 omniaque
676 3213 751 3272 alter
767 3231 821 3290 pro
839 3213 933 3273 altero
953 3209 1094 3288 suscipiet
1113 3228 1212 3288 neque

207 3307 365 3387 quicquam
381 3328 521 3386 umquam
540 3307 598 3368 nisi
618 3309 777 3368 honestum
796 3318 826 3369 et
843 3318 958 3368 rectum
976 3308 1049 3367 alter
1066 3307 1104 3366 ab
1119 3308 1212 3368 altero

206 3404 376 3484 postulabit,
390 3424 489 3483 neque
502 3406 600 3466 solum
609 3407 708 3467 colent
721 3404 799 3466 inter
812 3424 844 3467 se
857 3424 894 3464 ac
907 3402 1038 3483 diligent,
1053 3402 1211 3485 sedetiam

206 3504 392 3566 verebuntur.
435 3505 514 3564 Nam
537 3502 699 3564 maximum
722 3513 929 3566 ornamentum
952 3501 1099 3564 amicitiae
1123 3503 1208 3581 tollit,

206 3601 258 3682 qui
274 3621 310 3664 ex
330 3623 366 3664 ea
382 3603 459 3664 tollit
472 3605 689 3665 verecundiam.
733 3605 839 3683 Itaque
853 3603 884 3665 in
906 3602 948 3665 eis
967 3602 1150 3682 perniciosus
1164 3614 1209 3667 est
1223 3603 1262 3665 83

166 3733 193 3773 3ο
204 3720 292 3775 error,
302 3698 353 3778 qui
367 3700 536 3762 existimant
545 3701 701 3762 libidinum
708 3712 957 3780 peccatorumque
966 3700 1099 3763 omnium
1107 3707 1209 3781 patere

206 3796 237 3859 in
257 3796 387 3860 amicitia
407 3798 564 3861 licentiam.
606 3799 758 3860 Virtutum
778 3799 909 3861 amicitia
925 3798 1053 3861 adiutrix
1071 3819 1089 3860 a
1105 3809 1210 3860 natura

206 3898 277 3959 data
300 3908 354 3973 est,
377 3919 439 3960 non
460 3897 599 3960 vitiorum
622 3918 733 3972 coines,
758 3907 801 3973 ut,
824 3894 966 3976 quoniam
990 3895 1119 3960 solitaria
1146 3917 1208 3959 non

205 4004 306 4074 posset
318 3995 409 4058 virtus
422 3997 462 4059 ad
477 4015 512 4058 ea
526 4015 602 4075 quae
616 4014 733 4058 summa
746 4005 815 4056 sunt
829 3992 989 4073 pervenire,
1004 3993 1164 4056 coniuncta
1177 4005 1208 4056 et
