3038 4876
296 727 334 784 30
692 712 893 774 LAELIUS
927 745 929 748 ·
1219 714 1300 798 [119

293 832 387 910 magis
401 836 501 910 credo,
518 846 577 911 aut,
593 837 618 897 si
632 837 797 916 quisquam,
812 839 861 901 ille
875 840 993 919 sapiens
1008 841 1068 903 fuit
1112 844 1298 919 Quomodo,

293 940 327 990 ut
349 930 408 989 alia
430 932 574 1008 omittam,
596 946 723 995 mortem
744 936 786 995 iili
810 936 895 997 tulitl
937 939 1134 999 Memineram
1162 943 1298 1015 Paulum,

293 1025 425 1087 videram
439 1028 579 1102 Gallum,
600 1029 652 1089 sed
666 1030 698 1089 hi
716 1030 748 1090 in
761 1031 869 1108 pueris,
885 1032 963 1093 Cato
977 1033 1008 1092 in
1028 1036 1159 1110 perfecto
1172 1047 1204 1096 et
1217 1056 1299 1114 spec·

242 1123 357 1184 rotato
373 1122 444 1184 viro.
488 1125 725 1200 Quamobrem
743 1147 815 1190 cave
836 1129 946 1192 Catoni
963 1142 1128 1209 anteponas
1146 1153 1186 1194 ne
1207 1133 1297 1195 istum

293 1219 417 1298 quidem
441 1219 547 1300 ipsum,
570 1242 660 1301 quem
684 1227 804 1303 Apollo,
823 1237 857 1287 ut
878 1227 930 1303 ais,
956 1229 1205 1307 sapientissimum
1225 1230 1299 1292 iudi·
1327 1265 1335 1302 ς

294 1316 385 1381 cavit:
415 1318 502 1381 huius
529 1320 610 1381 enim
632 1322 719 1397 sacta,
743 1322 821 1386 illius
848 1323 929 1386 dicta
955 1327 1121 1390 laudantur.
1172 1328 1222 1390 De
1249 1348 1298 1390 me

293 1428 403 1492 autem,
429 1428 462 1479 ut
483 1418 542 1480 iam
560 1440 630 1480 cum
648 1431 775 1499 utroque
792 1433 920 1484 vestrum
942 1425 1056 1502 loquar,
1083 1423 1126 1486 sic
1149 1424 1296 1487 habetote.

294 1522 354 1581 111.
392 1521 456 1597 Ego
478 1518 503 1580 si
527 1518 676 1598 Scipionis
700 1520 848 1584 desiderio
870 1542 919 1584 me
939 1522 1052 1584 moveri
1073 1543 1188 1602 negem,
1207 1543 1297 1602 quam

292 1616 324 1677 id
338 1613 418 1677 recte
431 1616 536 1677 faciam
549 1617 676 1679 viderint
691 1618 847 1694 sapientes,
859 1619 913 1680 sed
925 1630 1004 1680 certe
1013 1620 1146 1679 mentiar.
1169 1623 1297 1681 Moveor

294 1710 373 1770 enim
391 1712 441 1771 tali
460 1713 558 1771 amico
573 1715 702 1786 orbatus,
722 1715 824 1790 quaHs,
843 1725 877 1773 ut
897 1715 1029 1788 arbitror,
1047 1734 1137 1775 nemo
1156 1735 1298 1793 umquam
1315 1751 1333 1777 n

293 1806 356 1880 erit,
371 1818 403 1866 ut
417 1809 592 1867 confirmare
605 1827 737 1885 possum,
753 1829 842 1869 nemo
857 1820 937 1869 certe
955 1810 1018 1871 fuit.
1061 1813 1121 1871 Sed
1140 1831 1202 1872 non
1223 1832 1297 1889 egeo

294 1901 461 1964 medicina:
483 1921 531 1962 me
545 1902 609 1978 ipse
624 1905 761 1964 consolor
775 1915 806 1964 et
818 1905 946 1965 maxime
959 1905 1011 1965 illo
1030 1905 1149 1980 solacio,
1165 1909 1246 1983 quod
1260 1927 1297 1968 eo

291 2016 388 2057 errore
409 2016 506 2069 careo,
525 2017 585 2073 quo
607 1998 771 2058 amicorum
795 2002 921 2060 decessu
943 2002 1076 2078 plerique
1100 2001 1169 2078 angi
1191 2005 1295 2062 solent.

294 2093 376 2152 Nihil
404 2094 474 2153 mali
496 2094 639 2155 accidisse
663 2094 795 2173 Scipioni
819 2107 914 2175 puto:
941 2097 1015 2156 mihi
1038 2097 1155 2171 accidit,
1177 2099 1202 2158 si
1225 2098 1297 2176 quid

293 2191 402 2254 accidit
406 2213 416 2269 3
436 2192 496 2254 suis
509 2204 609 2254 autem
629 2193 829 2256 incommodis
845 2196 971 2274 graviter
988 2196 1057 2274 angi
1078 2216 1139 2257 non
1158 2195 1296 2272 amicum,
1314 2230 1334 2267 ιε

242 2289 278 2348 11
294 2292 347 2352 sed
365 2311 398 2352 se
416 2291 512 2370 ipsum
529 2293 655 2354 amantis
673 2306 726 2357 est.
769 2296 847 2358 Cum
868 2295 919 2355 illo
933 2315 1003 2357 vero
1018 2294 1084 2372 quis
1097 2305 1185 2374 neget
1198 2308 1298 2357 actum

294 2412 359 2453 esse
379 2394 550 2470 praeclare?
590 2394 656 2455 Nisi
678 2394 765 2469 enirn,
782 2396 864 2473 quod
885 2395 935 2455 ille
956 2394 1079 2456 minime
1099 2397 1231 2472 putabat,
1247 2395 1299 2455 im-

293 2490 502 2550 mortalitatem
511 2502 613 2568 optare
622 2493 719 2565 vellet,
732 2491 804 2568 quid
819 2511 880 2551 non
888 2493 1014 2568 adeptus
1026 2503 1078 2566 est,
1089 2492 1170 2567 quod
1184 2492 1298 2552 homini

294 2588 339 2648 sas
353 2599 431 2648 esset
444 2601 554 2666 optare,
570 2588 622 2665 qui
635 2608 781 2648 summam
798 2607 881 2666 spem
895 2587 1012 2662 civium,
1032 2607 1121 2665 quam
1135 2589 1174 2649 de
1187 2608 1224 2650 eo
1238 2589 1298 2650 iam

293 2703 386 2762 puero
412 2686 585 2760 habuerant,
614 2685 755 2746 continuo
783 2686 958 2745 adulescens
993 2684 1158 2746 incredibili
1191 2682 1298 2747 virtute
1314 2719 1334 2745 ι(

295 2781 459 2859 superavit3
484 2782 535 2859 qui
553 2784 740 2843 consulatum
758 2783 862 2860 petivit
881 2802 1053 2860 numquam,
1075 2785 1169 2843 sactus
1193 2782 1310 2844 consul

295 2891 340 2941 est
359 2879 413 2955 bis,
435 2879 562 2958 primum
583 2890 651 2942 aute
672 2893 802 2958 tempus,
823 2880 928 2941 iterum
947 2880 1004 2941 sibi
1022 2900 1077 2942 suo
1094 2893 1237 2959 ternpore,
1256 2883 1299 2943 rei

295 2977 433 3056 publicae
456 2998 552 3056 paene
570 2998 654 3056 sero;
674 2978 725 3056 qui
750 2979 865 3040 duabus
887 2978 1008 3039 urbibus
1031 2979 1138 3040 eversis
1160 2979 1298 3041 inimicis·

295 3076 386 3137 sumis
399 3075 469 3136 huic
482 3076 607 3154 imperio
617 3096 678 3137 non
692 3077 785 3137 modo
798 3076 973 3155 praesentia,
983 3096 1085 3137 verum
1100 3076 1188 3142 etiam
1202 3079 1300 3138 futura

293 3172 372 3232 bella
386 3171 518 3233 delevit?
559 3172 640 3248 Quid
654 3171 752 3232 dicam
767 3173 806 3233 de
819 3171 951 3233 moribus
966 3171 1119 3246 facillimis,
1136 3173 1175 3233 de
1189 3172 1299 3250 pietate
1313 3206 1333 3242 ,ρ

294 3266 325 3327 in
338 3279 475 3353 matrem,
490 3269 663 3330 liberalitate
684 3269 714 3328 in
735 3287 858 3337 sorores,
879 3269 1011 3330 bonitate
1032 3269 1064 3330 in
1085 3289 1164 3344 suos,
1186 3269 1298 3332 iustitia

295 3363 326 3424 in
347 3364 466 3426 omnis?
505 3367 587 3426 Nota
611 3376 681 3426 sunt
704 3366 798 3427 vobis.
843 3366 942 3441 Quam
962 3377 1062 3427 autem
1082 3365 1193 3428 civitati
1213 3387 1298 3428 carus

293 3461 387 3537 suerit,
416 3482 548 3524 maerore
575 3464 683 3524 funeris
711 3463 874 3524 indicatum
902 3474 954 3525 est
998 3463 1080 3540 Quid
1107 3464 1193 3542 igitur
1219 3466 1299 3525 hunc

290 3581 452 3639 paucorum
480 3581 627 3623 annorum
656 3561 788 3622 accessio
817 3563 916 3623 iuvare
943 3562 1111 3641 potuisset?
1156 3565 1299 3624 Senectus

293 3659 373 3719 enim
388 3659 521 3737 quamvis
536 3679 597 3718 non
612 3659 649 3718 sit
663 3659 765 3735 gravis,
781 3669 813 3720 ut
828 3660 949 3720 memini
965 3662 1111 3722 Catonem
1122 3681 1202 3722 anno
1215 3675 1294 3737 ante,
1316 3695 1332 3732 3,

294 3775 383 3832 quam
398 3767 442 3817 est
456 3767 598 3830 mortuus,
614 3774 732 3816 mecum
746 3767 777 3817 et
791 3776 859 3816 cum
874 3757 1012 3834 Scipione
1035 3758 1184 3833 disserere,
1200 3770 1300 3820 tamen

241 3852 278 3911 12
292 3854 385 3913 aufert
399 3871 465 3912 eam
479 3852 665 3925 viriditatem,
681 3852 713 3911 in
727 3871 785 3928 qua
799 3854 888 3913 etiarn
902 3873 982 3912 nuuc
996 3865 1057 3914 erat
1068 3853 1176 3930 Scipio.
1200 3856 1299 3931 Quam

293 3948 333 4007 ob
352 3939 491 4009 rem'vita
511 3945 634 4023 quidem
653 3947 719 4007 talis
739 3946 793 4008 suit
808 3949 854 4008 vel
873 3949 990 4007 fortuna
1004 3949 1050 4008 vel
1063 3947 1163 4025 gloria,
1179 3959 1212 4010 ut
1226 3948 1301 4012 nihil
