3038 4876
236 715 274 771 42
377 769 379 774 .
465 699 515 765 ·,
631 663 836 759 aarum·
969 786 971 790 v
1105 698 1237 783 [rr1142

235 823 355 887 debuit:
375 823 446 886 fecit
458 823 540 884 idem
553 826 637 901 quod
652 824 756 901 viginti
770 823 855 884 annis
869 835 939 885 ante
953 826 1033 903 apud
1052 845 1108 887 nos
1127 830 1237 889 fecerat

236 918 421 980 Coriolanus.
464 921 523 980 His
537 920 654 981 adiutor
667 931 770 979 contra
783 920 908 997 patriam
922 921 1059 982 inventus
1073 933 1118 983 est
1132 943 1237 998 nem03

182 1013 221 1073 4³
235 1014 335 1093 itaque
351 1028 477 1077 mortem
494 1017 550 1077 sibi
570 1030 693 1096 uterque
717 1018 867 1078 conscivit
910 1019 978 1093 Qua
995 1039 1026 1079 re
1043 1020 1109 1080 talis
1129 1020 1236 1097 impro-

235 1112 341 1171 borum
362 1114 519 1175 consensio
539 1135 599 1175 non
623 1117 714 1175 modo
738 1115 926 1177 excusatione
943 1116 1089 1177 amicitiae
1108 1120 1236 1195 tegenda

234 1219 364 1282 nonest,
379 1212 433 1270 sed
445 1211 544 1288 potius
559 1211 704 1286 supplicio
719 1210 801 1271 omni
811 1211 990 1272 vindicanda
1003 1223 1056 1286 est,
1071 1223 1103 1272 ut
1117 1233 1155 1273 ne
1170 1213 1236 1290 quis
1265 1247 1274 1282 s

234 1323 408 1365 concessum
419 1317 503 1384 putet
513 1296 642 1389 arnicunr
656 1308 702 1368 vel
712 1307 823 1368 bellum
837 1308 948 1384 patriae
958 1308 1131 1369 inserentem
1141 1310 1233 1387 sequi.

228 1402 326 1477 Quod
350 1402 480 1481 quidem,
504 1416 537 1465 ut
560 1424 606 1465 res
630 1405 671 1465 ire
693 1405 801 1482 coepit,
823 1406 904 1465 haud
926 1406 988 1466 scio
1012 1426 1051 1466 an
1074 1394 1235 1485 aliquando

234 1499 362 1560 futurum
384 1500 435 1561 sit:
455 1501 528 1561 mihi
548 1513 647 1562 autem
670 1520 731 1562 non
755 1501 863 1562 minori
884 1521 971 1562 curae
995 1512 1051 1574 est,
1073 1503 1169 1581 qualis
1188 1523 1235 1564 res

233 1599 353 1674 publica
366 1612 434 1677 post
448 1614 574 1662 mortem
588 1620 685 1661 meam
699 1602 795 1660 futura
808 1598 854 1672 sit,
864 1618 953 1676 quarn
968 1599 1063 1676 qualis
1080 1600 1171 1661 hodie
1186 1600 1231 1660 sit

180 1692 248 1778 444q
295 1697 387 1756 XIII.
431 1697 519 1756 Haec
537 1695 624 1774 igitur
641 1695 736 1773 prima
754 1697 802 1756 lex
819 1694 966 1756 amicitiae
980 1696 1134 1770 sanciatur,
1150 1707 1183 1757 ut
1196 1697 1235 1757 ab
1251 1729 1269 1756 ιι

233 1792 337 1854 amicis
351 1795 476 1854 honesta
489 1804 633 1871 petamus,
648 1793 811 1861 amicorum
830 1813 919 1853 causa
937 1795 1063 1853 honesta
1082 1794 1233 1868 faciamus,

234 1905 273 1947 ne
283 1900 487 1966 exspectemus
498 1889 619 1967 quidem
633 1889 703 1948 dum
713 1907 858 1965 rogemur,
871 1888 1001 1948 studium
1016 1907 1133 1966 semper
1146 1889 1232 1962 adsit,

234 1987 385 2048 cunctatio
416 1989 502 2061 absit,
525 1985 682 2048 consilium
715 2005 818 2046 verum
847 1987 916 2046 dare
943 1986 1105 2046 audeamus
1132 1985 1232 2060 libere,

233 2085 391 2162 plurimum
419 2086 449 2146 in
480 2085 609 2146 amicitia
632 2084 793 2145 amicorum
818 2085 895 2144 bene
925 2084 1112 2144 suadentium
1136 2085 1234 2144 valeat

233 2184 398 2258 auctoritas,
425 2204 518 2262 eaque
540 2195 570 2245 et
593 2183 768 2244 adhibeatur
792 2184 831 2242 ad
854 2183 1036 2242 monendum
1059 2201 1120 2242 non
1144 2185 1236 2243 modo
1251 2217 1271 2251 η

231 2292 340 2358 aperte,
360 2285 414 2343 sed
431 2283 519 2342 etiam
533 2281 645 2354 acriter,
661 2282 685 2341 si
699 2301 745 2340 res
759 2279 929 2360 postulabit,
946 2291 975 2340 et
988 2280 1138 2340 adhibitae
1152 2300 1235 2357 pare·

179 2378 304 2440 statur.
355 2383 434 2440 Nam
461 2381 646 2457 quibusdam,
670 2397 745 2454 quos
773 2378 862 2437 audio
889 2377 1037 2452 sapientes
1060 2377 1177 2437 habitos
1203 2378 1233 2438 in

233 2475 364 2548 Graecia,
384 2477 529 2552 placuisse
547 2475 653 2550 opinor
670 2473 814 2531 mirabilia
831 2474 1072 2547 quaedam-sed
1092 2472 1164 2531 nihil
1180 2484 1232 2544 est,

231 2570 314 2645 quod
336 2569 377 2629 illi
401 2589 462 2629 non
480 2580 693 2646 persequantur
710 2567 976 2644 argutiis-partim
995 2567 1149 2642 fugiendas
1168 2586 1232 2628 esse

231 2665 337 2726 nimias
361 2666 512 2741 amicitias,
535 2686 573 2726 ne
595 2685 717 2726 necesse
734 2665 771 2725 sit
792 2684 884 2723 unum
908 2663 1067 2724 sollicitum
1093 2683 1159 2724 esse
1179 2685 1235 2742 pro
1249 2699 1266 2725 a

231 2762 383 2838 pluribus;
410 2763 480 2823 satis
501 2781 649 2839 superque
676 2781 741 2821 esse
772 2760 828 2821 sibi
849 2780 968 2820 suarum
989 2760 1096 2837 cuique
1126 2780 1232 2835 rerum,

231 2859 335 2920 alienis
364 2861 452 2920 nimis
479 2859 623 2936 implicari
653 2860 813 2917 molestum
841 2876 921 2930 esse,
954 2857 1232 2919 commodissimum

177 2962 179 2973 '
231 2978 406 3037 essequam
430 2957 593 3018 laxissimas
617 2957 750 3016 habenas
770 2956 880 3014 habere
903 2954 1059 3028 amicitiae,
1081 2975 1156 3032 quas
1185 2959 1233 3017 vel

230 3059 362 3118 adducas
393 3074 462 3114 curn
496 3053 568 3114 velis
601 3054 649 3113 vel
678 3051 827 3123 remittas;
864 3062 953 3126 caput
981 3051 1061 3110 enim
1100 3071 1165 3112 esse
1193 3054 1233 3112 ad

230 3155 316 3214 beate
334 3151 493 3212 vivendum
516 3148 713 3221 securitatem,
729 3166 788 3224 qua
806 3146 860 3205 frui
877 3165 939 3205 non
957 3146 1050 3222 possit
1068 3147 1195 3221 animus,
1210 3148 1235 3207 si
1249 3181 1264 3212 ε,

176 3251 214 3311 46
230 3262 382 3328 tamquam
401 3246 541 3325 parturiat
562 3264 638 3304 unus
659 3263 713 3322 pro
734 3242 873 3320 pluribus.
912 3242 996 3302 Alios
1011 3254 1110 3302 autem
1132 3244 1232 3304 dicere

229 3352 312 3412 aiunt
325 3350 419 3409 multo
435 3345 524 3406 etiam
543 3344 741 3416 inhumanius,
764 3362 854 3420 quern
874 3342 974 3401 locum
993 3340 1120 3402 breviter
1141 3344 1231 3420 paulo

228 3460 297 3510 ante
324 3427 486 3525 perstrinxi,
516 3441 643 3522 praesidi
673 3439 896 3517 adiumentique
923 3459 1020 3513 causa,
1055 3459 1117 3499 non
1144 3443 1232 3505 bene·

227 3546 374 3612 volentiae
396 3563 493 3622 neque
514 3541 642 3603 caritatis
662 3540 806 3600 amicitias
828 3558 891 3600 esse
912 3540 1108 3616 expetendas:
1131 3539 1233 3618 itaque

227 3644 400 3724 utquisque
419 3641 575 3701 minimum
589 3639 733 3699 firmitatis
754 3640 875 3698 haberet
890 3637 1106 3714 minimumque
1119 3637 1232 3715 virium,
1249 3673 1259 3709 3

227 3746 268 3807 ita
292 3742 436 3804 amicitias
457 3750 597 3817 appetere
617 3736 764 3797 maxime:
785 3754 822 3795 ex
843 3754 880 3795 eo
901 3733 964 3793 fieri
986 3744 1018 3794 ut
1042 3734 1231 3798 mulierculae

226 3841 319 3923 magis
339 3837 535 3901 amicitiarum
555 3835 701 3913 praesidia
720 3844 863 3911 quaerant
884 3853 973 3911 quarn
994 3832 1055 3906 viri,
1076 3844 1106 3893 et
1126 3833 1232 3911 inopes

173 3943 212 4002 47
228 3939 319 4018 duam
334 3933 478 4015 opulenti,
494 3943 523 3994 et
538 3930 703 3993 calamitosi
718 3950 808 4010 quarn
823 3929 850 3992 ei
864 3931 915 4008 qui
930 3940 1071 4008 putentur
1084 3930 1172 3992 beati.
1205 3935 1233 3995 O
