3038 4876
283 711 348 772 XII
363 709 415 795 4²]
618 712 687 772 DE
712 707 936 772 AMICITIA.
1051 725 1055 735 ·
1249 725 1286 782 41

259 847 348 902 'turn
371 852 401 904 et
425 840 550 922 rogare?
589 840 631 901 At
658 859 729 900 vero
756 839 802 900 Ti.
832 838 1001 902 Gracchum
1029 838 1229 916 sequebantur
1253 839 1288 900 C.

284 938 392 1012 Carbo,
413 942 447 1001 C.
469 941 556 1013 Cato,
575 947 605 999 et
621 935 744 998 minime
763 947 827 998 tum
845 936 967 1015 quidem
987 935 1080 997 Gaius
1098 937 1195 1012 frater,
1210 954 1290 995 nuuc

284 1029 543 1094 idemacerrimus.
1308 1049 1311 1054 ’

344 1133 417 1191 XII.
462 1133 551 1192 Haec
575 1129 662 1210 igitur
685 1133 733 1192 lex
756 1130 786 1192 in
811 1130 942 1192 amicitia
963 1129 1118 1206 sanciatur,
1141 1139 1175 1191 ut
1192 1148 1290 1208 neque
1304 1129 1344 1190 40

264 1242 423 1302 erogemus
436 1244 483 1286 res
498 1223 591 1303 turpis
611 1243 668 1284 nec
684 1225 827 1285 iaciamus
840 1222 942 1304 rogati.
985 1222 1095 1302 Turpis
1113 1221 1193 1284 enirn
1207 1242 1293 1284 excu-

284 1322 359 1384 satio
373 1334 419 1385 est
433 1334 463 1385 et
476 1323 599 1385 minime
620 1322 796 1402 accipienda
814 1343 882 1384 cum
903 1321 935 1383 in
952 1320 1056 1383 ceteris
1074 1319 1213 1399 peccatis,
1228 1329 1292 1381 turn

284 1422 308 1483 si
322 1423 389 1501 quis
404 1435 508 1486 contra
522 1444 584 1486 rem
600 1424 750 1502 publicam
766 1444 798 1485 se
817 1423 905 1484 amici
923 1442 1013 1483 causa
1031 1421 1136 1483 secisse
1155 1423 1291 1482 fateatur.

283 1521 403 1583 Etenim
418 1542 455 1583 eo
469 1524 546 1598 loco,
560 1521 655 1583 Fanni
670 1533 701 1584 et
714 1524 863 1596 Scaevola,
876 1521 966 1583 locati
975 1540 1086 1594 sumus,
1095 1532 1128 1581 ut
1136 1540 1192 1581 uos
1202 1520 1291 1596 longe

283 1613 450 1691 prospicere
478 1625 613 1692 oporteat
640 1618 753 1677 futuros
781 1635 867 1676 casus
888 1617 929 1676 rei
959 1615 1103 1693 publicae.
1160 1613 1289 1675 Deflexit

247 1743 270 1770 ιο
283 1710 342 1771 iam
356 1711 539 1790 aliquantum
552 1714 590 1774 de
602 1713 698 1790 spatio
708 1714 913 1790 curriculoque
924 1712 1111 1774 consuetudo
1135 1708 1287 1771 maiorum.

282 1800 328 1860 Ti.
348 1801 502 1862 Gracchus
518 1822 642 1880 regnum
663 1822 809 1880 occupare
831 1810 957 1863 conatus
975 1811 1030 1876 est,
1048 1801 1095 1862 vel
1112 1801 1245 1880 regnavit
1262 1801 1287 1864 is
1301 1800 1340 1862 41

282 1896 403 1975 quidem
417 1918 529 1977 paucos
539 1920 664 1962 menses
695 1902 778 1960 Num
794 1898 866 1978 quid
881 1899 976 1960 simile
990 1899 1119 1977 populus
1132 1900 1288 1962 Romanus

281 1992 414 2054 audierat
427 2005 478 2054 aut
491 1994 627 2056 viderat?
658 1998 753 2056 Hunc
767 1995 856 2056 etiam
870 2005 939 2072 post
952 2006 1079 2056 mortem
1093 1995 1187 2056 secuti
1200 1994 1288 2055 amici

283 2097 313 2148 et
326 2087 486 2167 propinqui
500 2089 573 2168 quid
587 2089 618 2150 in
633 2092 665 2152 P.
682 2090 820 2170 Scipione
834 2089 993 2164 effecerint,
1008 2089 1072 2150 sine
1086 2089 1212 2151 lacrimis
1225 2109 1289 2151 non

244 2216 267 2254 ι,
281 2205 360 2263 queo
374 2186 494 2249 dicere..
524 2191 603 2249 Nam
618 2191 798 2263 Carbonem,
814 2208 1003 2268 quocumque
1022 2191 1115 2251 modo
1128 2189 1287 2269 potuimus,

281 2295 402 2362 propter
415 2297 565 2348 recentem
585 2308 714 2365 poenam
733 2287 779 2349 Ti.
796 2286 923 2349 Gracchi
944 2275 1145 2348 sustinuimus.
1189 2290 1236 2348 De
1251 2289 1287 2349 C.

282 2381 524 2443 Gracchiautem
539 2383 689 2471 tribunatu
704 2383 777 2461 quid
791 2393 961 2461 exspectem
975 2402 1037 2443 nou
1053 2384 1125 2444 libet
1139 2383 1288 2460 augurari:

281 2477 372 2555 serpit
392 2477 502 2539 deinde
522 2499 578 2552 res,
597 2499 674 2558 quae
694 2479 834 2558 proclivis
853 2481 893 2541 ad
913 2477 1084 2558 perniciem,
1106 2498 1174 2540 cum
1196 2480 1288 2540 semel

279 2572 388 2652 coepit,
403 2576 519 2637 labitur.
563 2575 680 2639 Videtis
694 2577 724 2638 in
745 2579 855 2639 tabella
869 2576 929 2638 iarn
942 2587 1014 2638 ante
1028 2586 1140 2655 quanta
1155 2574 1192 2638 sit
1211 2577 1289 2637 lacta

245 2703 266 2729 ω
279 2673 368 2745 labes,
383 2672 479 2750 primo
493 2673 622 2735 Gabinia
636 2676 710 2752 lege,
722 2673 846 2735 biennio
854 2683 954 2735 autem
962 2683 1032 2751 post
1043 2672 1154 2759 Cassia
1176 2672 1288 2734 Videre

280 2768 339 2829 iam
347 2769 451 2831 videor
459 2772 747 2848 populumasenatu
758 2771 950 2845 disiunctum,
958 2769 1156 2831 multitudinis
1166 2769 1286 2831 arbitrio

280 2884 326 2926 res
347 2866 491 2927 maximas
514 2866 570 2946 agi.
614 2870 718 2952 Plures
740 2868 820 2928 enirn
842 2867 969 2941 discent,
991 2886 1080 2945 quern
1103 2866 1141 2926 ad
1163 2867 1285 2927 modum

280 2962 354 3022 haec
367 2964 448 3035 fiant,
463 2983 553 3041 quarn
572 2983 661 3041 quem
681 2965 859 3025 admodum
876 2963 922 3023 his
935 2961 1093 3023 resistatur.
1136 2963 1285 3037 Quorsum
1299 2961 1338 3020 42

279 3056 375 3118 haec?
406 3057 484 3134 Quia
497 3057 561 3119 sine
575 3059 663 3119 sociis
677 3078 767 3119 nemo
781 3058 941 3136 quicquam
955 3059 1014 3118 tale
1028 3066 1158 3117 conatur.
1200 3058 1286 3117 Prae

247 3153 447 3232 acipiendum
471 3166 516 3217 est
537 3155 626 3234 igitur
648 3155 744 3230 bonis,
771 3164 813 3230 ut,
839 3154 865 3216 si
889 3154 921 3215 in
949 3153 1116 3216 eiusmodi
1140 3151 1284 3215 amicitias

278 3250 371 3330 ignari
385 3271 454 3312 casu
468 3253 569 3331 aliquo
579 3252 747 3327 inciderint,
757 3272 795 3312 ne
810 3250 978 3313 existiment
992 3250 1035 3311 ita
1048 3270 1080 3311 se
1094 3249 1236 3337 alligatos,
1251 3260 1284 3311 ut

278 3349 317 3409 ab
330 3348 434 3434 amicis
447 3349 478 3410 in
493 3370 601 3428 magna
617 3351 717 3428 aliqua
731 3370 762 3411 re
776 3347 896 3428 publica
909 3345 1102 3426 peccantibus
1116 3366 1178 3407 non
1192 3346 1285 3408 disce·

279 3447 352 3528 dant
361 3468 370 3525 5
390 3447 533 3525 improbis
547 3458 648 3509 autem
661 3466 761 3525 poena
774 3447 931 3507 statuenda
951 3454 1003 3519 est,
1019 3463 1076 3504 uec
1095 3463 1166 3504 vero
1186 3440 1284 3504 minor

278 3543 385 3621 eisqui
400 3543 493 3605 secuti
507 3541 593 3606 erunt
607 3546 740 3618 alterum,
756 3563 846 3622 quam
867 3541 909 3604 eis
927 3541 978 3620 qui
992 3540 1048 3618 ipsi
1061 3539 1168 3601 suerint
1181 3538 1284 3618 impie·

246 3673 263 3706 ‚a
277 3640 344 3700 tatis
373 3641 474 3701 duces.
519 3640 594 3717 Quis
627 3640 732 3701 clarior
759 3644 791 3699 in
819 3638 945 3701 Graecia
971 3636 1182 3710 Themistocle,
1214 3634 1281 3713 quis

276 3737 448 3815 potentior?
469 3796 471 3802 ,
490 3738 550 3815 Qui
585 3759 654 3800 cum
682 3737 843 3817 imperator
874 3738 954 3799 bello
989 3735 1108 3797 Persico
1142 3733 1281 3796 servitute

276 3831 432 3894 Graeciam
446 3832 627 3894 liberavisset
640 3844 818 3912 propterque
832 3832 972 3893 invidiam
986 3831 1018 3892 in
1031 3829 1164 3892 exsilium
1182 3830 1282 3907 expul-

277 3946 327 3990 sus
348 3922 438 4005 esset,
464 3928 595 4010 ingratae
618 3929 729 4009 patriae
752 3928 887 3992 iniuriam
908 3947 970 3991 non
994 3927 1070 4005 tulit,
1089 3945 1179 4006 quam
1205 3927 1280 3989 serre
