3038 4876
300 713 429 798 v1124]
638 718 707 777 DE
732 716 957 801 AMJCITIA.
1265 725 1301 786 35

299 856 328 907 et
355 846 501 907 secundas
528 865 574 906 res
601 845 817 925 splendidiores
844 844 914 906 lacit
941 842 1078 918 amicitia,
1104 852 1134 904 et
1155 841 1301 914 adversas,

297 943 425 1021 partiens
459 942 751 1021 communicansque,
784 943 915 1004 leviores
965 944 1038 1002 VII.
1068 943 1207 1018 Cumque
1237 941 1301 1018 plu·
1317 940 1354 998 23

296 1039 442 1126 ῐίιῐιεεμεῐ
469 1039 611 1099 maximas
639 1039 868 1100 commoditates
894 1037 1024 1099 amicitia
1050 1037 1209 1110 contineat,
1238 1047 1302 1096 turn

297 1135 354 1208 illa,
367 1115 523 1216 ‘'riiirii‘r't'iirik
537 1147 665 1215 praestat
689 1136 837 1211 omnibus,
863 1137 946 1213 quod
973 1138 1084 1197 bonam
1111 1154 1196 1212 spem
1222 1153 1304 1212 prae-

271 1234 374 1300 slucet
395 1231 425 1293 in
446 1245 606 1312 posterum,
621 1255 677 1296 nec
695 1233 840 1295 debilitari
857 1234 973 1295 animos
992 1244 1042 1294 aut
1060 1232 1166 1294 cadere
1184 1230 1300 1320 patitur.

296 1333 408 1392 Verum
442 1333 523 1395 enim
560 1333 688 1393 amicum
720 1332 773 1415 qui
804 1331 940 1406 intuetur,
970 1343 1122 1409 tamquam
1154 1330 1303 1408 exemplar

297 1423 419 1507 aliquod
433 1431 562 1491 intuetur
575 1431 628 1492 sui.
649 1500 652 1506 ,
672 1431 820 1508 Quocirca
832 1440 862 1492 et
879 1430 1015 1492 absentes
1033 1417 1145 1491 'adsunt
1165 1439 1196 1510 et
1216 1448 1302 1505 egen·

296 1531 340 1582 tes
368 1524 520 1584 abundant
548 1533 577 1585 et
605 1522 746 1584 imbecilli
768 1517 865 1585 valent
890 1534 927 1594 et,
950 1525 1032 1603 quod
1053 1521 1199 1584 difficilius
1220 1521 1302 1582 dictu

296 1628 348 1692 est,
373 1619 482 1681 mortui
499 1619 601 1681 vivont
609 1641 618 1695 3
632 1632 744 1682 'tantus
767 1641 817 1683 eos
832 1621 935 1696 ,honos
957 1620 1100 1698 memoria
1123 1617 1318 1696 desiderium¹

258 1748 282 1776 ιο
293 1719 480 1796 prosequitur
500 1720 670 1794 amicorum,
692 1721 729 1782 err
749 1741 810 1800 quo
830 1721 947 1782 illorum
967 1720 1057 1781 beata'
1074 1737 1154 1779 mors
1176 1716 1301 1789 videtur,

296 1815 401 1876 horum
422 1815 482 1876 vita
505 1816 672 1889 laudabilis,
685 1792 803 1902 ffid
822 1816 847 1877 si
868 1816 1009 1877 exemeris
1028 1836 1064 1876 ex
1083 1833 1187 1890 rerum
1199 1821 1303 1873 natura

295 1911 520 1974 benevolentiae
535 1913 785 2000 coniunctionem,
801 1933 857 1973 nec
872 1914 980 1974 domus
994 1913 1054 1972 ulla
1070 1931 1127 1994 nec
1141 1911 1211 1970 urbs
1224 1920 1301 1969 stare

295 2009 410 2085 poterit,
425 2029 463 2069 ne
477 2009 538 2086 agri
551 2009 673 2086 quidem
686 2011 782 2070 cultus
796 1997 988 2086 permanebit.
1018 2009 1056 2069 Id
1070 2007 1095 2068 si
1107 2005 1302 2087 minussintel·
1338 2046 1342 2063 .

296 2104 406 2183 legitur,
417 2117 528 2183 quanta
541 2107 584 2173 vis
598 2105 994 2184 amicitiaeconcordiaeque
1008 2105 1054 2179 sit,
1064 2125 1100 2165 ex
1113 2101 1302 2165 dissensioni·

253 2230 281 2294 ,¹⁵
294 2201 350 2261 bus
364 2211 453 2279 atque
467 2203 621 2263 discordiis
635 2194 744 2281 percipi
765 2213 883 2281 potest..
914 2206 1000 2279 Quae
1017 2201 1097 2262 enim
1116 2201 1223 2261 domus
1239 2209 1301 2258 tam

260 2297 263 2303 “
297 2298 416 2372 stabilis,
427 2318 503 2375 quae
518 2311 582 2360 tam·
593 2303 677 2360 firma
690 2300 791 2361 civitas
806 2310 859 2373 est,
869 2320 945 2376 quae
960 2318 1020 2382 non
1035 2297 1112 2373 odiis
1126 2306 1156 2357 et
1170 2293 1301 2356 discidiis

296 2391 429 2452 funditus
442 2393 534 2469 possit
549 2394 656 2453 eve'tti?
671 2406 673 2410 '
685 2397 730 2454 Ex
743 2376 812 2475 quo,
821 2404 966 2471 quantum
980 2392 1052 2452 boni
1067 2391 1104 2451 sit
1117 2391 1148 2449 in
1162 2388 1299 2479 amigitia,

296 2484 418 2547 iudicari
449 2499 553 2565 potest.
599 2477 822 2567 Agrigentinum
850 2477 972 2567 quidem
1000 2473 1122 2549 doctum
1150 2486 1301 2563 quendam
1315 2484 1353 2542 24

294 2582 389 2644 virum
408 2585 586 2646 carminibus
606 2585 726 2648 Graecis
739 2586 931 2647 vaticinatum
948 2589 1052 2658 lerunt,
1068 2589 1145 2662 quae
1159 2584 1190 2643 in
1204 2603 1302 2644 rerum

256 2714 280 2742 ω
293 2685 401 2743 naturis
416 2694 540 2761 totoque
560 2685 675 2745 mundo
699 2694 868 2746 constarent
890 2696 1036 2761 quaeque¹
1050 2691 1245 2754 moverentur,
1265 2701 1302 2742 ea

294 2781 467 2841 contrahere
494 2779 662 2855 amicitiam,
692 2779 847 2857 dissipare·
867 2779 1053 2841 discordiam.
1110 2781 1209 2855 Atque
1243 2779 1301 2839 hoc

294 2873 417 2952 quidem
431 2895 536 2936 omnes
549 2877 687 2937 mortales
702 2886 731 2936 et
743 2876 919 2954 intellegunt
933 2885 963 2936 et
976 2896 1007 2936 re
1020 2876 1154 2953 probant.
1185 2877 1299 2952 ltaque,

295 2969 320 3029 si
343 2971 464 3046 quando
489 2971 611 3048 aliquod
634 2969 764 3031 officium
787 2972 897 3033 exstitit
925 2972 1012 3032 amici
1040 2972 1071 3031 in
1092 2971 1228 3048 periculis
1250 2981 1301 3032 aut

296 3066 441 3127 adeundis
462 3077 512 3127 aut
533 3067 800 3143 communicandis,
817 3069 882 3147 quis
908 3069 1017 3147 estqui
1036 3067 1067 3129 id
1088 3089 1149 3128 non
1165 3065 1300 3126 maximis

255 3193 278 3231 25
293 3164 393 3224 efferat
407 3165 565 3226 laudibus?
606 3165 666 3240 Qui
687 3168 831 3228 clamores
845 3176 908 3227 tota
921 3186 1012 3227 cavea
1025 3185 1119 3244 nuper
1132 3165 1162 3224 in
1176 3164 1300 3242 hospitis

293 3268 323 3319 et
348 3259 435 3320 amici
456 3260 515 3321 mei
538 3264 580 3346 M.
600 3255 714 3322 Pacuvi
743 3283 820 3324 nova
840 3265 947 3339 sabula,
969 3283 1038 3324 cum
1059 3262 1212 3340 ignorante
1232 3281 1300 3340 rege

247 3353 276 3413 ”x
293 3365 357 3417 uter
376 3359 496 3420 Orestes
515 3369 602 3434 esset,
624 3361 750 3437 Pylades
771 3363 897 3443 Oresten
925 3347 956 3421 se
979 3353 1044 3421 esse
1062 3359 1181 3433 diceret,
1197 3369 1229 3420 ut
1244 3361 1299 3438 pro

250 3515 257 3550 .·
292 3454 343 3518 illo
357 3468 518 3548 necaretur,
528 3460 649 3521 Orestes
663 3470 772 3532 autem,
785 3459 825 3519 ita
839 3470 871 3520 ut
886 3471 954 3532 erat,
967 3462 1093 3521 Oresten
1111 3479 1144 3520 se
1160 3477 1224 3518 esse
1237 3477 1300 3535 per·

293 3560 454 3617 severaret!
492 3559 609 3618 Stantes
631 3559 812 3635 plaudebant
829 3557 860 3617 in
879 3578 910 3618 re
929 3560 1015 3618 ficta:
1036 3547 1109 3634 quid
1127 3556 1300 3617 arbitramur

253 3677 277 3714 30
291 3646 320 3704 in
341 3667 410 3706 vera
430 3650 557 3709 facturos
579 3649 689 3710 fuisse?
731 3649 830 3710 Facile
854 3650 1004 3711 indicabat
1027 3650 1090 3726 ipsa
1113 3661 1218 3710 natura
1237 3650 1298 3710 vim

292 3761 384 3815 suam,
403 3763 472 3803 cum
489 3745 634 3817 homines,
655 3747 738 3823 quod
757 3749 852 3807 lacere
873 3745 929 3823 ipsi
947 3766 1008 3807 non
1024 3757 1155 3824 possent,
1170 3746 1202 3806 id
1220 3757 1298 3807 recte

291 3838 353 3900 fieri
366 3841 397 3899 in
411 3843 503 3902 altero
517 3841 688 3903 iudicarent.

353 3940 510 3999 Hactenus
523 3937 596 3998 mihi
610 3937 713 3999 videor
727 3939 765 4000 de
780 3937 909 4000 amicitia
923 3938 995 4016 quid
1014 3936 1152 4001 sentirem
1166 3939 1298 4019 potuisse

1112 4055 1208 4130 ,3-2
