3038 4876
328 708 384 748 100
414 688 418 697 ·
661 688 979 757 Damaratam.
1168 652 1170 655 ’
1206 687 1234 773 [l
1247 711 1328 769 μ,-

764 819 778 879 a
794 822 832 870 ιι.

289 930 314 964 ιι
368 913 547 978 sameramur:
562 914 630 964 there
647 915 667 966 is
684 915 801 965 evidence
819 917 857 965 sor
871 916 920 966 this
936 916 1050 982 spelling,
1069 917 1119 967 and
1133 933 1196 967 some
1208 917 1328 969 evidence

329 979 366 1027 sor
376 979 510 1043 fenerator,
528 980 573 1029 but
589 995 654 1029 none
670 981 707 1029 sor
715 981 865 1045 foenerator.
900 981 950 1031 For
965 983 1006 1032 the
1020 997 1091 1032 sense
1102 981 1134 1032 ci.
1146 983 1250 1032 Aristot.
1264 983 1324 1032 Eth.

330 1043 387 1093 Nic.
402 1045 425 1103 8,
439 1041 462 1103 6,
475 1063 491 1107 4
508 1044 524 1102 ἡ
540 1047 566 1094 ii
582 1047 620 1093 itti
636 1047 664 1093 τὸ
681 1050 798 1106 χρήσιμον
816 1046 905 1105 (φιλία)
922 1048 970 1094 τῶν
986 1048 1104 1108 ἀγοραίων
1120 1047 1169 1106 (ἑο.
1181 1048 1286 1111 belongs
1300 1054 1328 1096 lo

329 1121 471 1170 rnercenary
485 1108 611 1171 pemanslz
628 1108 682 1158 Fin.
699 1125 720 1167 a,
739 1122 782 1170 117
800 1124 842 1156 nec
857 1111 922 1158 em'm
938 1110 962 1158 si
976 1117 1047 1158 tuam
1061 1109 1089 1158 ob
1103 1125 1203 1159 causam
1217 1111 1327 1174 meipiam

329 1172 455 1220 commoda
473 1171 609 1235 beouficium
628 1172 696 1221 illud
711 1172 848 1222 hobetrdum
867 1180 908 1234 est,
928 1173 969 1223 sed
977 1173 1134 1239 foeneratio,·
1150 1175 1222 1224 N.D.
1240 1190 1261 1236 1,
1281 1189 1327 1224 raa

331 1236 403 1286 mullo
421 1242 456 1287 est
471 1237 563 1286 caritas
583 1238 740 1287 naturalis
761 1239 826 1287 inter
842 1237 962 1289 bonosi...
982 1255 1056 1304 quam
1074 1239 1229 1300 (otniatiam)
1249 1239 1274 1289 si
1293 1239 1331 1289 ad

329 1302 440 1362 smectum
451 1301 582 1417 reparemus
592 1318 642 1351 mom
652 1305 700 1353 erit
712 1303 760 1352 ista
772 1303 891 1363 morticina,
908 1303 950 1352 sed
962 1309 1128 1353 mercatura
1143 1303 1264 1369 quaedam
1278 1304 1327 1354 uti·

330 1367 450 1427 letatum5
485 1383 524 1416 en.
543 1368 600 1416 ben.
621 1383 643 1427 ι,
661 1384 686 1428 a,
705 1381 719 1430 3
744 1369 825 1432 turpis
839 1368 977 1432 foeneratio
992 1374 1027 1417 est
1041 1368 1179 1433 beneficium
1194 1376 1328 1433 expetitum

320 1432 394 1495 serre
418 1434 453 1491 (to
471 1432 545 1482 make
563 1432 681 1482 kindness
699 1449 715 1482 a
730 1442 819 1483 matter
838 1433 868 1482 os
882 1433 1093 1498 book-keeping);
1116 1433 1175 1484 Sea.
1192 1449 1231 1500 ep.
1249 1450 1273 1502 9,
1298 1449 1329 1486 10

329 1497 491 1561 negotiatio
506 1503 542 1546 est
555 1513 605 1546 non
615 1498 725 1547 ammeio
735 1514 798 1562 quae
807 1499 871 1563 qur'a'
878 1506 1034 1547 cmmemotura
1044 1498 1078 1546 sit
1086 1505 1182 1562 eiectat.

290 1590 318 1640 ¹3
378 1575 407 1625 in
424 1576 474 1640 apso
489 1591 585 1626 amore:
600 1577 639 1626 ior
649 1577 691 1626 the
702 1578 798 1642 change
809 1578 868 1627 here
879 1578 942 1627 from
951 1578 1087 1628 amicitiam
1099 1585 1126 1628 to
1136 1594 1218 1628 amore
1226 1578 1259 1630 ci.
1273 1593 1328 1637 ιοο,

330 1640 346 1691 l.
363 1656 392 1704 15
407 1642 457 1690 sim
470 1641 717 1690 amorsiveamia'tm
724 1658 736 1701 ,·
752 1642 790 1691 sor
801 1642 843 1692 the
857 1643 956 1706 general
967 1658 1038 1692 sense
1054 1643 1123 1694 Fam.
1137 1658 1160 1706 3,
1176 1659 1214 1709 ι3,
1232 1661 1246 1696 a
1263 1644 1330 1695 mihi

324 1713 434 1773 propono
436 1705 553 1769 stactam
564 1706 689 1755 amicitiae
700 1713 796 1754 nostrae
806 1707 886 1771 ipsam
896 1706 1044 1758 amicitiam.

337 1826 340 1831 .
377 1786 550 1852 expetendam:
565 1801 591 1837 ιι.
608 1801 692 1849 onae,
706 1787 724 1837 l.
737 1802 777 1852 ²4·

773 1917 841 2004 saa.

377 2055 434 2107 iis:
449 2061 549 2116 neutere
564 2030 782 2118 :lisamtentiiu
798 2055 829 2106 ci.
842 2074 852 2108 r
856 2073 879 2122 3,
892 2056 951 2122 ¹·'19
962 2063 993 2109 ut
1002 2057 1031 2119 in
1037 2056 1163 2124 plerisque
1167 2073 1178 2119 ,·
1194 2058 1247 2110 also
1257 2073 1282 2111 ιι.
1296 2074 1331 2110 aa

332 2135 369 2185 50,
384 2123 406 2173 1.·
416 2135 429 2187 7
441 2123 568 2174 similium.

292 2219 320 2267 ιι
374 2204 495 2269 pontium
506 2204 576 2254 ritu:
591 2219 616 2254 n.
628 2219 661 2253 on
673 2221 711 2265 ιο,
725 2220 750 2270 p·
764 2219 802 2267 34,
817 2205 833 2254 l.
847 2201 877 2264 63
896 2204 983 2254 Parad.
1000 2220 1022 2265 1,
1038 2221 1068 2269 14
1084 2221 1147 2270 quae
1156 2205 1255 2270 quatiam
1266 2205 1333 2258 mihi

331 2285 378 2319 vat
386 2269 541 2334 (voluptatem
548 2285 725 2318 essesummum
736 2267 959 2333 bonumlpeaodum
969 2269 1124 2331 videturesse,
1134 2287 1184 2320 mom
1190 2271 1328 2324 honeimum.

379 2349 415 2397 od
427 2349 484 2398 volu
501 2355 572 2398 tatem
588 2349 672 2398 omnia
689 2349 814 2412 referant:
832 2349 922 2412 ‘judge
933 2349 966 2398 all
979 2350 1062 2413 things
1072 2350 1105 2413 by
1116 2351 1159 2399 the
1173 2351 1291 2400 standard
1305 2350 1336 2401 oi

332 2411 466 2479 pleasure’3
479 2357 519 2463 sit.
537 2415 617 2476 ‘carry
628 2413 692 2462 back
703 2415 737 2462 all
749 2413 832 2477 things
843 2420 870 2462 to
885 2413 1058 2476 pleasure¹-a
1072 2414 1135 2463 torm
1150 2413 1180 2462 of
1190 2415 1332 2477 expression

332 2478 491 2552 exceedingly
505 2492 620 2526 common
634 2477 661 2526 ia
677 2476 784 2526 Cicero’s
801 2477 983 2540 philosophical
1000 2477 1089 2526 works.
1125 2477 1164 2526 Ci.
1180 2477 1234 2526 also
1247 2479 1330 2542 volup

333 2548 382 2666 pipo
391 2557 475 2589 omma
484 2541 571 2665 ptetiri
585 2540 651 2602 (Fin.
666 2556 689 2601 a,
704 2538 749 2602 563
769 2541 810 2590 De
822 2541 865 2590 Or.
882 2555 904 2603 3,
918 2538 968 2600 όι),
986 2540 1094 2605 dirigere
1109 2541 1195 2589 ommia
1208 2541 1331 2604 voluptate

369 2620 402 2654 ra.
415 2621 437 2665 ι,
453 2618 480 2669 71
496 2639 503 2651 .

294 2702 322 2749 ¹⁵
334 2680 1332 2826 „1tttzttnittlttztti‘ttht}222,}:..³¹l;{,l⁰:li¹h:n⁶3

334 2815 397 2881 quid
405 2829 499 2864 atonem
510 2820 552 2864 est.

311 2955 314 2963 ,
382 2897 558 2962 mogtaficum:
572 2897 755 2960 μεγαλοπρεπές
760 2914 769 2957 3
786 2911 812 2946 n.
825 2912 858 2946 on
870 2911 909 2957 ιι,
922 2894 941 2945 l.
955 2911 994 2960 13.

381 2993 427 3029 ac:
442 2977 475 3029 ci.
486 2994 512 3027 n.
523 2993 557 3028 on
569 2995 608 3042 ⁵⁴·
622 2979 639 3028 l.
650 2995 676 3029 ιι
689 2985 769 3044 atque.
974 2974 977 2980 “

296 3060 324 3112 16
382 3061 512 3126 smpt'cere:
532 3060 604 3110 ‘look
616 3075 649 3125 up
661 3059 709 3121 to’;
726 3061 763 3109 ior
774 3061 816 3109 the
831 3060 1008 3126 metaphorical
1020 3075 1091 3110 sense
1107 3059 1139 3109 ci.
1151 3059 1203 3110 on.
1215 3075 1239 3116 a,
1252 3059 1283 3123 36
1297 3076 1334 3110 eos

334 3125 399 3177 atros
409 3125 562 3189 suspieiunt;
579 3125 648 3174 Orat.
663 3139 693 3192 97
704 3124 839 3189 eloquentia
851 3141 926 3189 quam
937 3126 1086 3188 nospi'cerem
1095 3140 1192 3183 omnen
1209 3124 1279 3173 Fam.
1295 3141 1333 3181 ιο,

334 3207 358 3259 9,
372 3206 386 3241 a
401 3190 500 3239 honores
510 3189 670 3254 praemioque
684 3196 762 3238 vestro
778 3191 895 3253 mospicio,·
911 3190 951 3239 De
962 3189 1007 3239 Or.
1020 3205 1043 3252 3,
1059 3206 1088 3238 aa
1105 3190 1130 3238 si
1138 3190 1182 3237 leoc
1191 3205 1285 3254 qaoque
1295 3190 1333 3238 νέ-

334 3257 407 3306 dener
415 3255 494 3304 altius
503 3270 578 3320 quam
590 3262 620 3303 ut
629 3255 658 3303 iet
665 3270 709 3304 nos
718 3254 792 3303 humi
800 3255 876 3304 strati
885 3254 1002 3318 suspicere
1007 3255 1137 3318 possimus.

382 3335 536 3385 obiecerunt:
555 3335 628 3383 ‘have
645 3333 798 3398 degraded’5
814 3334 846 3384 cs.
863 3335 922 3398 Leg.
940 3350 961 3393 ι,
978 3331 1008 3383 οό
1028 3349 1087 3382 nam
1102 3348 1157 3382 mom
1173 3340 1263 3382 ceterae
1275 3333 1333 3382 ami·

336 3408 430 3450 neantes
441 3398 555 3460 (notiora)
566 3399 686 3449 abaciam
700 3399 736 3447 od
743 3406 846 3464 pastam
856 3400 935 3448 solum
949 3398 1073 3448 homiaem
1087 3398 1168 3448 erexit
1181 3398 1218 3446 od
1229 3397 1337 3463 coelique

335 3471 482 3531 compatione
493 3464 618 3515 excitavit.

235 3571 280 3591 -κ
296 3557 324 3610 17
382 3552 558 3610 contemptam:
572 3546 639 3606 here,
652 3560 680 3596 as
691 3544 766 3605 alten,
780 3552 825 3596 not
839 3544 989 3610 ‘despised',
1001 3544 1047 3595 but
1061 3540 1237 3609 ‘despicable’.

242 3641 280 3661 ι*
296 3631 324 3679 18
383 3627 413 3678 at
423 3627 466 3677 hoc
475 3642 583 3677 sermm
592 3641 772 3676 removeamus:
790 3627 838 3676 ‘let
849 3643 878 3677 us
890 3626 988 3677 dismiss
999 3624 1063 3675 iram
1074 3641 1119 3675 our
1130 3623 1322 3675 conversation’.

298 3725 326 3776 ¹9
383 3725 480 3759 umam
491 3708 628 3772 diligendi:
644 3708 676 3759 ci.
689 3723 727 3772 οι,
741 3724 767 3774 p.
781 3707 850 3772 36,1.
864 3725 893 3772 3ο
905 3724 978 3757 mmm
988 3707 1102 3756 amandi.

279 3812 283 3819 ‚
383 3789 571 3841 mnemtentiae:
592 3805 633 3840 see
651 3805 690 3851 ιο,
708 3789 818 3856 ρ.34,1.
834 3806 848 3841 ι
865 3786 1197 3847 benevotmtiaotcon'tote;
1218 3787 1258 3848 28,
1274 3786 1335 3851 1.ι3

338 3854 664 3921 caritateoiiqaotenevolo.

295 3954 327 3996 ao
377 3936 449 4003 sacta
463 3943 518 3986 etto
536 3935 623 3986 ‘when
639 3935 779 3986 intimation
795 3935 841 3987 has
856 3936 922 3986 been
937 3934 1011 4001 given
1025 3933 1056 3984 oi
1067 3933 1147 3984 moral
1157 3930 1258 3983 worth’.
1292 3930 1333 3984 cf.

336 4001 427 4068 closely
443 4002 508 4067 lay.
520 4000 567 4052 last
578 4009 705 4062 sentenee;
722 4002 775 4052 also
785 4003 799 4065 s
809 4003 849 4068 48,
863 4001 909 4053 last
920 4008 1044 4067 sentence,
1056 3999 1110 4050 also
1120 4001 1135 4061 ἦ
1147 4014 1201 4050 roo·
