3038 4876
298 725 338 800 38
637 747 640 753 ·
696 719 894 781 merrus
1183 716 1297 800 [1x30

295 853 400 914 virtute
421 862 451 914 et
471 849 615 930 sapientia
635 849 677 911 sic
697 848 827 910 munitus
848 860 901 924 est,
921 861 954 911 ut
975 851 1056 912 nullo
1078 861 1163 929 egeat
1184 871 1297 931 suaque

296 950 396 1012 omnia
416 949 447 1010 in
467 969 500 1010 se
520 950 585 1027 ipso
606 949 701 1028 posita
721 948 839 1022 iudicet,
857 949 898 1009 ita
917 949 948 1009 in
969 950 1104 1011 amicitiis
1124 951 1296 1028 expetendis

295 1051 488 1127 colendisque
509 1049 638 1110 maxime
660 1047 782 1109 excellit.
827 1048 908 1123 Quid
931 1048 1033 1109 enim?
1072 1049 1226 1110 Africanus
1252 1048 1295 1109 in·

296 1145 399 1223 digens
413 1145 495 1205 mei?
523 1143 649 1205 Minime
663 1146 799 1204 herculei
826 1146 871 1203 Ac
886 1162 923 1202 ne
938 1162 993 1218 ego
1008 1143 1128 1219 quidem
1141 1143 1227 1218 illius,
1242 1146 1296 1205 sed

296 1261 352 1319 ego
370 1240 563 1302 admiratione
577 1242 707 1318 quadam
726 1239 838 1302 virtutis
856 1237 927 1313 eius,
942 1239 991 1300 ille
1008 1238 1137 1299 vicissim
1155 1239 1295 1317 opinione
1325 1270 1338 1307 ς

296 1342 417 1400 sortasse
429 1359 490 1400 non
504 1340 585 1398 nulla
596 1357 685 1415 quam
697 1339 736 1398 de
746 1336 819 1398 meis
828 1335 958 1398 moribus
968 1334 1105 1407 habebat,
1115 1355 1163 1396 me
1177 1335 1296 1411 dilexit3

295 1435 376 1496 auxit
389 1434 626 1496 benevolentiam
645 1435 837 1494 consuetudo.
880 1433 940 1494 Sed
960 1450 1140 1508 quamquam
1157 1432 1295 1492 utilitates

295 1534 406 1592 multae
420 1543 450 1592 et
461 1551 584 1608 magnae
598 1542 774 1591 consecutae
788 1541 864 1604 sunt,
877 1550 937 1591 non
952 1541 1018 1591 sunt
1032 1541 1132 1590 tamen
1141 1530 1180 1589 ab
1194 1549 1295 1588 earum

243 1630 279 1687 31
295 1647 348 1705 spe
356 1647 462 1687 causae
473 1627 615 1704 diligendi
623 1617 780 1704 profectae.
822 1629 865 1688 Ut
876 1626 956 1686 enim
966 1625 1092 1686 benefici
1103 1625 1295 1703 liberalesque

294 1741 404 1795 sumus,
427 1741 489 1780 non
512 1732 544 1780 ut
568 1722 717 1797 exigamus
740 1721 999 1799 gratiam—neque
1020 1718 1099 1779 enirn
1119 1718 1296 1779 beneficium
1312 1751 1337 1778 ιο

294 1820 571 1879 faeneramur-sed
589 1829 692 1883 natura
709 1818 847 1896 propensi
861 1819 899 1878 ad
913 1816 1116 1877 liberalitatem
1131 1834 1238 1888 sumus,
1253 1815 1295 1875 sic

294 1913 453 1973 amicitiam
474 1933 534 1973 non
552 1933 604 1991 spe
626 1913 770 1974 mercedis
792 1913 921 1986 adducti,
942 1914 995 1973 sed
1016 1913 1097 1988 quod
1118 1911 1213 1971 omnis
1234 1910 1296 1971 eius

243 2011 280 2069 32
294 2012 402 2072 sructus
422 2011 453 2071 in
470 2010 535 2089 ipso
554 2031 654 2072 amore
675 2012 759 2084 inest,
775 2012 969 2089 expetendam
988 2020 1133 2089 putamus.
1175 2010 1225 2069 Ab
1240 2009 1294 2082 his,

269 2107 345 2205 Xqui
360 2080 819 2187 pecuduni'isiiiiiiiiditiptatem
833 2108 934 2169 omnia
944 2108 1078 2181 referunt,
1089 2107 1176 2183 longe
1187 2105 1297 2168 dissen-

250 2204 380 2284 l-tiunt,
404 2223 460 2264 nec
482 2205 588 2265 mirum
598 2225 607 2280 ;
634 2205 707 2265 nihil
729 2204 809 2266 enirn
833 2208 934 2279 altum,
958 2203 1032 2264 nihil
1053 2203 1240 2280 magnificum
1263 2222 1298 2263 ac
1313 2234 1337 2270 ις

296 2300 428 2361 divinum
447 2302 593 2379 suspicere
610 2314 741 2380 possunt,
764 2304 815 2380 qui
832 2323 899 2364 suas
922 2300 1018 2363 omnis
1038 2301 1232 2378 cogitationes
1248 2302 1297 2362 ab

295 2397 425 2458 iecerunt
440 2398 470 2458 in
484 2418 546 2458 rem
564 2411 624 2458 tarn
643 2400 784 2459 humilem
804 2410 922 2476 tamque
943 2410 1152 2474 contemptam.
1196 2399 1296 2476 Quam

296 2495 335 2554 ob
348 2486 410 2554 rem
424 2495 479 2554 hos
493 2494 614 2571 quidem
628 2496 665 2556 ab
680 2497 737 2571 hoc
751 2515 887 2556 sermone
900 2513 1113 2564 removeamus,
1129 2492 1183 2571 ipsi
1197 2504 1296 2553 autem

295 2591 498 2668 intellegamus
512 2602 615 2651 natura
632 2591 713 2669 gigni
731 2612 850 2659 sensum
867 2590 1008 2668 diligendi
1025 2602 1055 2651 et
1073 2589 1296 2650 benevolentiae

295 2688 446 2747 caritatem
454 2687 747 2764 sactasignificatione
755 2688 916 2767 probitatis,
923 2706 1012 2764 quarn
1025 2687 1075 2764 qui
1084 2684 1295 2764 appetiverunt,
1311 2717 1337 2744 ω

295 2775 443 2861 applicant
465 2804 529 2844 sese
548 2795 578 2843 et
600 2784 720 2862 propius
744 2785 913 2856 admovent,
930 2793 963 2843 ut
985 2793 1015 2843 et
1036 2802 1092 2842 usu
1116 2781 1187 2854 eius,
1204 2800 1295 2859 quem

296 2881 416 2960 diligere
439 2894 608 2960 coeperunt,
632 2884 763 2942 fruantur
791 2892 820 2943 et
848 2881 986 2955 moribus,
1010 2880 1127 2957 sintque
1154 2897 1238 2957 pares
1264 2878 1296 2939 in

246 3045 248 3050 ,
295 2999 395 3040 amore
409 2990 438 3040 et
451 2981 590 3057 aequales
604 2979 867 3059 propensioresque
880 2981 920 3040 ad
932 2981 1010 3040 bene
1024 2978 1198 3038 merendum
1206 2996 1296 3054 quam

295 3078 333 3162 ad
347 3078 571 3155 reposcendum,
582 3075 757 3155 atque'haec
766 3077 842 3138 inter
856 3097 907 3139 eos
922 3078 958 3138 sit
969 3080 1094 3138 honesta
1106 3075 1299 3142 concertatio..

294 3173 342 3234 Sic
363 3185 392 3234 et
410 3174 548 3234 utilitates
565 3193 601 3233 ex
622 3174 750 3234 amicitia
768 3167 914 3234 maximae
932 3175 1092 3250 capientur,
1112 3184 1143 3233 et
1161 3171 1216 3232 erit
1234 3172 1298 3233 eius
1312 3203 1336 3240 25

190 3257 193 3262 ’
294 3281 374 3331 ortus
388 3289 406 3330 a
419 3282 523 3330 natura
535 3290 625 3347 quam
639 3273 676 3331 ab
690 3271 890 3331 imbecillitate
903 3270 1016 3348 gravior
1029 3281 1059 3330 et
1072 3268 1173 3330 verior.
1216 3271 1296 3329 Nam

293 3358 318 3427 si
334 3366 443 3426 utilitas
461 3367 674 3444 conglutinaret
691 3367 840 3440 amicitias,
863 3368 968 3427 eadem
992 3376 1173 3426 commutata
1195 3365 1296 3425 dissol-

292 3473 391 3537 veret;
419 3464 473 3524 sed
495 3463 564 3541 quia
591 3474 695 3524 natura
721 3464 827 3524 mutari
854 3484 915 3525 non
941 3474 1057 3541 potest,
1072 3461 1183 3523 idcirco
1209 3480 1296 3522 verae

292 3559 437 3620 amicitiae
447 3559 642 3636 sempiternae
656 3570 731 3620 sunt.
775 3562 881 3621 Ortum
891 3560 1011 3637 quidem
1024 3559 1170 3640 amicitiae
1179 3557 1294 3633 videtis,

292 3652 348 3714 nisi
362 3653 435 3730 quid
447 3656 487 3713 ad
500 3656 574 3715 haec
588 3657 661 3716 sorte
675 3655 768 3716 voltis.
1310 3685 1336 3723 ao

353 3751 506 3809 Fannius
548 3753 596 3810 Tu
617 3771 687 3811 vero
708 3770 805 3828 perge,
829 3750 929 3810 Laelil
971 3752 1028 3810 Pro
1049 3752 1108 3810 hoc
1129 3749 1217 3823 enim,
1243 3749 1295 3826 qui

292 3843 389 3904 minor
402 3854 446 3904 est
460 3854 539 3918 natu,
556 3863 625 3905 meo
640 3845 702 3906 iure
716 3847 891 3921 respondeo.

240 3940 278 3997 33
337 3925 520 4001 ⁸Scauvoua
578 3941 674 4000 Recte
688 3950 720 4000 tu
734 3939 875 4016 quidem:
896 3958 985 4015 quarn
999 3940 1038 3999 ob
1052 3958 1114 4000 rem
1128 3937 1290 3999 audiamus.
