3038 4876
322 717 361 776 ⁶0
573 683 576 687 ’
708 708 912 772 annulus.
1114 704 1252 790 [xxvrr
1269 726 1325 770 ιω

326 839 424 904 omnis
433 838 873 903 estevitasublataiucunditas
896 835 974 897 Mihi
982 832 1104 914 quidem
1114 834 1329 924 Scipio,quam·

325 957 414 1015 quam
423 948 467 998 est
475 937 574 998 subito
584 947 710 1013 ereptus,
715 934 786 996 vivit
796 945 896 994 tamen
907 951 1079 1010 semperque
1087 931 1179 994 vivet:
1191 932 1330 993 virtutem

328 1030 408 1091 enirn
422 1029 518 1089 amavi
532 1029 613 1096 illius.
622 1029 683 1104 viri,
699 1047 776 1105 quae
789 1028 933 1091 exstincta
950 1039 1077 1089 nonest
1108 1031 1175 1090 Nec
1187 1029 1261 1089 mihi
1274 1029 1331 1089 soli

326 1135 459 1187 versatur
471 1136 541 1185 ante
555 1126 666 1199 oculos,
682 1125 733 1202 qni
747 1124 827 1184 illam
841 1142 958 1202 semper
970 1124 1001 1183 in
1014 1122 1152 1184 manibus
1164 1122 1264 1200 habui,
1276 1123 1331 1184 sed

329 1219 418 1284 etiam
432 1219 557 1299 posteris
570 1219 624 1282 erit
642 1223 721 1281 clara
739 1232 769 1282 et
785 1219 914 1298 insignis
957 1221 1057 1281 Nemo
1072 1239 1214 1298 umquam
1231 1219 1332 1281 animo

331 1328 384 1379 aut
397 1337 450 1397 spe
463 1317 576 1380 maiora
590 1318 729 1396 suscipiet
742 1317 793 1408 qui
809 1318 866 1379 sibi
881 1337 942 1378 non
957 1317 1033 1378 illius
1050 1316 1225 1378 memoriam
1242 1326 1333 1394 atque

265 1414 322 1475 103
333 1414 491 1493 imaginem
505 1415 729 1491 proponendam
743 1424 835 1492 putet
871 1414 1020 1491 Equidem
1034 1433 1071 1475 ex
1083 1412 1221 1474 omnibus
1234 1414 1332 1488 rebus,

332 1529 404 1588 quas
418 1510 491 1571 mihi
504 1521 555 1572 aut
566 1512 683 1572 fortuna
695 1521 745 1571 aut
754 1522 858 1570 natura
866 1509 973 1586 tribuit,
983 1509 1057 1569 nihil
1066 1509 1164 1571 habeo
1174 1509 1256 1587 quod
1264 1528 1335 1570 cum

331 1607 461 1668 amicitia
481 1606 628 1685 Scipionis
647 1607 759 1685 possim
780 1626 960 1684 comparare.
1007 1608 1044 1667 In
1070 1608 1128 1667 hac
1147 1605 1220 1667 mihi
1243 1607 1283 1669 de
1302 1626 1335 1668 re

332 1704 453 1782 publica
479 1723 649 1780 consensus,
672 1703 702 1764 in
728 1705 786 1764 hac
806 1722 902 1764 rerum
923 1702 1100 1781 privatarum
1120 1703 1288 1779 consilium,
1305 1703 1336 1764 in

335 1801 441 1861 eadem
453 1799 571 1877 requies
584 1801 672 1878 plena
685 1798 891 1861 oblectationis
904 1800 966 1860 fuit.
1009 1801 1181 1876 Numquam
1200 1798 1284 1860 illum
1297 1818 1337 1862 ne

334 1894 456 1955 minima
477 1895 599 1972 quidem
625 1915 657 1956 re
683 1895 804 1970 offendi,
832 1895 915 1972 quod
941 1893 1063 1972 quidem
1089 1893 1238 1969 senserim,
1262 1894 1337 1956 nihil

335 1988 436 2052 audivi
449 2009 487 2052 ex
500 2009 537 2052 eo
550 1990 614 2069 ipse
627 1992 710 2068 quod
724 1993 833 2053 nollem
840 2012 849 2065 ς
869 2010 928 2051 una
942 1992 1050 2052 domus
1063 2001 1133 2066 erat,
1148 1990 1229 2053 idem
1242 1989 1338 2053 victus

334 2084 419 2164 isque
438 2086 611 2161 communis,
633 2106 729 2166 neque
749 2088 845 2149 solum
866 2086 977 2161 militia,
992 2087 1046 2149 sed
1067 2086 1155 2149 etiam
1175 2085 1340 2168 peregrina·

266 2183 325 2245 104
338 2183 434 2247 tiones
447 2183 709 2263 rusticationesque
722 2204 903 2247 communes.
936 2186 1015 2246 Nam
1029 2183 1101 2262 quid
1115 2204 1172 2263 ego
1184 2186 1224 2248 de
1236 2184 1341 2248 studiis

337 2281 435 2345 dicam
448 2283 648 2362 cognoscendi
662 2301 778 2362 semper
790 2281 902 2361 aliquid
920 2292 1009 2361 atque
1022 2281 1166 2359 discendi,
1180 2283 1211 2345 in
1231 2282 1341 2362 quibus

338 2380 445 2442 remoti
459 2382 497 2442 ab
511 2380 604 2442 oculis
618 2380 721 2458 populi
741 2400 831 2442 omne
850 2380 981 2442 otiosum
1001 2391 1118 2459 tempus
1133 2382 1342 2447 contrivimus?

337 2475 471 2548 Quarum
485 2493 583 2534 rerum
596 2474 761 2535 recordatio
775 2485 805 2535 et
818 2475 962 2536 memoria
980 2475 1006 2536 si
1026 2495 1085 2536 una
1104 2495 1174 2536 cum
1193 2477 1245 2537 illo
1265 2478 1342 2539 occi·

340 2567 441 2641 disset,
456 2567 636 2627 desiderium
649 2567 881 2628 coniunctissimi
895 2578 984 2644 atque
997 2567 1188 2629 amantissimi
1200 2569 1254 2630 viri
1267 2571 1343 2633 ferre

341 2661 425 2721 nullo
439 2663 531 2721 modo
545 2678 671 2738 possem
714 2661 773 2721 Sed
788 2679 846 2721 nec
859 2660 909 2719 illa
927 2660 1072 2721 exstincta
1085 2672 1155 2721 sunt
1167 2662 1344 2740 alunturque

340 2751 440 2829 potius
460 2762 490 2813 et
510 2762 655 2830 augentur
674 2751 854 2828 cogitatione
873 2763 904 2813 et
923 2753 1064 2813 memoria
1083 2772 1159 2827 mea,
1180 2765 1219 2829 et,
1240 2755 1265 2815 si
1285 2755 1343 2817 illis

340 2847 429 2922 plane
443 2846 564 2906 orbatus
584 2863 688 2916 essem,
703 2865 843 2921 magnum
863 2856 963 2906 tamen
983 2847 1066 2907 affert
1085 2847 1158 2906 mihi
1178 2858 1258 2908 aetas
1278 2847 1344 2926 ipsa

325 2985 328 2995 .
343 2939 504 3005 solacium:
525 2940 636 3002 diutius
655 2940 734 3003 enirn
751 2941 810 3001 iam
828 2941 859 3001 in
880 2943 938 3001 hoc
956 2942 1103 3004 desiderio
1120 2962 1185 3005 esse
1202 2963 1264 3004 non
1277 2965 1345 3024 pos

343 3056 423 3110 sum3
443 3036 545 3098 omnia
564 3050 664 3098 autem
684 3036 784 3099 brevia
803 3036 966 3098 tolerabilia
987 3057 1054 3100 esse
1073 3039 1193 3116 debent,
1209 3039 1298 3102 etiam
1318 3041 1344 3103 si

341 3143 537 3210 magnasunt.
579 3182 581 3184 .

404 3230 493 3289 Haec
505 3226 596 3288 habui
610 3228 648 3289 de
662 3226 792 3290 amicitia
804 3246 882 3306 quae
895 3227 1026 3290 dicerem
1030 3250 1040 3305 ς
1058 3248 1112 3291 vos
1130 3239 1230 3291 antem
1242 3229 1345 3291 hortor

342 3335 376 3387 ut
389 3323 581 3411 ita.virtutem
598 3324 709 3400 locetis,
724 3324 788 3387 sine
802 3345 863 3404 qua
880 3325 1010 3387 amicitia
1029 3345 1093 3388 esse
1113 3345 1174 3388 non
1190 3337 1297 3408 potest,
1310 3337 1345 3390 ut

342 3441 379 3490 ea
392 3433 514 3503 excepta
527 3420 601 3484 nihil
613 3418 742 3487 amicitia
754 3421 958 3502 praestabilius
970 3422 1089 3505 putetis
