3038 4876
292 718 335 792 ‘54
691 704 890 773 Murrus
1136 708 1295 795 [xxrrs3

295 842 468 905 consociata
478 862 546 903 cum
560 843 651 904 altera
664 840 838 920 perveniret
861 842 947 918 Quae
959 840 1067 920 siquos
1080 841 1156 905 inter
1169 842 1297 906 societas

294 950 346 1000 aut
366 950 412 999 est
429 949 480 999 aut
500 938 554 999 fuit
573 949 625 999 aut
644 939 742 998 sutura
755 948 808 1013 est,
824 956 927 999 eorum
941 949 985 998 est
998 939 1154 1000 habendus
1167 940 1206 1000 ad
1220 959 1298 1001 sum·

294 1056 378 1098 mum
404 1047 526 1098 naturae
553 1038 666 1097 bonum
694 1034 825 1110 optimus
852 1035 1098 1114 beatissimusque
1128 1036 1294 1097 comitatus

242 1135 281 1196 et
296 1136 385 1196 Haec
398 1145 451 1208 est,
466 1133 597 1212 inquam,
607 1132 740 1208 societas,
755 1133 787 1194 in
800 1134 968 1211 quaomnia
981 1133 1089 1209 insunt,
1099 1152 1175 1211 quae
1189 1145 1296 1212 putant

201 1300 203 1307 ,
260 1275 265 1282 .
294 1231 430 1294 homines
441 1232 615 1309 expetenda,
630 1233 770 1292 honestas
784 1231 878 1309 gloria
893 1231 1088 1308 tranquillitas
1101 1230 1193 1292 animi
1206 1241 1297 1309 atque
1324 1261 1337 1302 ς

294 1329 471 1401 iucunditas,
490 1337 523 1388 ut
538 1337 575 1403 et,
591 1346 660 1387 cum
675 1330 750 1389 haec
764 1326 870 1404 adsint,
890 1330 979 1388 beata
993 1326 1053 1388 vita
1066 1327 1111 1403 sit,
1128 1338 1157 1387 et
1171 1326 1235 1388 siue
1248 1327 1296 1388 his

291 1423 360 1490 ‘'esse
380 1446 442 1487 non
463 1425 564 1504 possit.
608 1427 700 1503 Quod
719 1446 788 1491 cum
809 1426 955 1504 optimum
973 1425 1195 1503 maximumque
1208 1425 1254 1503 sit,
1270 1425 1296 1488 si

244 1509 256 1540 ²
293 1524 325 1585 id
345 1524 481 1584 volumus
501 1511 634 1600 adipisci,
656 1521 756 1584 virtuti
777 1542 866 1601 opera
883 1523 982 1583 danda
1002 1534 1054 1598 est,
1076 1523 1140 1584 sine
1159 1542 1219 1602 qua
1238 1542 1297 1592 nec

294 1619 455 1683 amicitiam
468 1638 567 1696 neque
578 1622 669 1679 ullam
682 1639 744 1680 rem
754 1621 952 1696 expetendam
966 1620 1111 1698 consequi
1123 1639 1295 1698 possumus:

293 1737 419 1779 cavero
439 1718 575 1794 neglecta
595 1717 645 1794 qui
666 1737 698 1778 se
718 1709 831 1778 amicos
851 1719 960 1779 habere
980 1719 1163 1795 arbitrantur,
1179 1733 1243 1782 tum
1263 1739 1297 1783 se
1312 1753 1337 1782 ιο

293 1814 423 1890 denique
437 1831 547 1873 enasse
561 1812 700 1888 sentiunt,
711 1833 781 1873 cum
794 1833 847 1875 eos
860 1805 955 1890 gravis
968 1814 1058 1891 aliqui
1071 1834 1157 1875 casus
1170 1816 1296 1894 experiri

240 1909 278 1967 et
293 1909 380 1984 cogit.
424 1906 581 1988 Quocirca,
597 1907 758 1969 dicendum
773 1920 817 1969 est
831 1909 910 1968 enim
925 1909 1052 1987 saepius,
1063 1930 1131 1972 cum
1147 1910 1293 1988 iudicaris,

293 2004 414 2080 diligere
436 2013 568 2080 oportet3
596 2023 666 2079 non,
691 2024 760 2071 cum
787 2004 930 2079 dilexeris,
957 2003 1096 2065 iudicare.
1139 2007 1199 2067 Sed
1226 2028 1296 2069 cum

293 2101 393 2161 multis
407 2101 438 2160 in
452 2101 540 2160 rebus
554 2101 741 2178 neglegentia
753 2102 917 2179 plectimur,
928 2114 991 2163 tum
1005 2103 1132 2164 maxime
1147 2104 1178 2164 in
1192 2106 1296 2168 amicis

293 2207 324 2257 et
338 2197 494 2275 diligendis
508 2210 538 2260 et
557 2197 691 2259 colendis
694 2219 705 2286 3
725 2197 922 2276 praeposteris
941 2199 1021 2258 enim
1038 2199 1148 2260 utimur
1166 2201 1297 2264 consiliis
1312 2235 1335 2274 ιε

293 2305 324 2355 et
343 2307 411 2357 acta
428 2295 548 2374 agimus,
565 2297 648 2373 quod
665 2306 799 2356 vetamur
812 2307 911 2357 vetere
930 2297 1094 2374 proverbio.
1137 2300 1225 2375 Nam,
1241 2299 1295 2361 im-

292 2391 393 2469 plicati
413 2394 490 2458 ultro
511 2406 541 2455 et
561 2393 635 2453 citro
654 2395 702 2455 vel
723 2413 779 2454 usu
800 2394 938 2462 diuturno
954 2397 1000 2455 vel
1023 2394 1112 2455 etiarn
1126 2396 1237 2473 officiis,
1252 2418 1296 2459 re-

292 2499 383 2565 pente
409 2487 440 2548 in
468 2488 568 2549 medio
595 2507 680 2548 cursu
707 2487 851 2549 amicitias
879 2499 980 2550 exorta
1006 2489 1104 2568 aliqua
1131 2493 1295 2556 offensione

240 2585 279 2643 86
294 2583 522 2662 disrumpimus3
545 2584 684 2666 (XXIII)
698 2605 759 2663 quo
772 2584 862 2646 etiam
876 2586 968 2663 magis
982 2586 1175 2663 vituperanda
1188 2598 1233 2649 est
1252 2590 1295 2652 rei

243 2717 246 2724 ·
294 2681 421 2742 maxime
436 2681 616 2743 necessariae
631 2693 713 2742 tanta
726 2681 845 2743 incuria
882 2683 954 2744 Una
968 2693 1012 2743 est
1027 2682 1107 2742 enim
1120 2683 1251 2745 amicitia
1264 2685 1295 2746 in
1309 2718 1335 2747 ιο

293 2780 382 2838 rebus
390 2777 533 2860 humanis,
545 2778 585 2837 de
598 2777 682 2838 cuius
696 2777 822 2861 utilitate
836 2796 941 2838 omnes
954 2797 1016 2837 uno
1028 2796 1079 2838 ore
1089 2779 1280 2862 consentiunt
1284 2805 1294 2859 ;

294 2868 475 2953 quamquam
495 2894 514 2933 a
533 2872 633 2934 multis
652 2872 743 2934 virtus
769 2872 835 2950 ipsa
857 2874 1058 2934 contemnitur
1081 2885 1111 2935 et
1131 2864 1314 2947 lenditatio.

294 2971 442 3049 quaedam
462 2981 552 3048 atque
572 2970 731 3032 ostentatio
752 2989 817 3030 esse
837 2971 944 3031 dicitur
949 2991 958 3045 3
986 2971 1071 3032 multi
1094 2961 1210 3033 divitias
1230 2974 1295 3036 des-

294 3066 416 3146 piciunt,
427 3085 501 3145 quos
509 3086 601 3145 parvo
610 3077 768 3128 contentos
777 3067 873 3128 tenuis
882 3066 976 3129 victus
987 3070 1143 3145 cultusque
1152 3069 1280 3132 delectat
1285 3093 1295 3148 ;

294 3166 422 3227 honores
435 3183 512 3238 vcro,
523 3182 648 3240 quorum
663 3162 825 3240 cupiditate
839 3163 958 3240 quidam
968 3164 1193 3241 inflammantur,
1205 3185 1296 3245 quam
1309 3199 1334 3238 ος

294 3260 379 3321 multi
400 3261 441 3320 ita
457 3270 661 3336 contemnunt,
677 3269 710 3320 ut
726 3259 799 3319 nihil
821 3259 944 3335 inanius,
960 3260 1034 3320 nihil
1053 3279 1117 3320 esse
1136 3262 1229 3323 levius
1248 3284 1295 3326 ex·

295 3357 439 3419 istiment!
477 3359 615 3436 Itemque
649 3368 755 3434 cetera,
784 3377 861 3436 quae
896 3358 1075 3436 quibusdam
1109 3360 1295 3426 admirabilia

293 3459 438 3534 videntur,
453 3456 593 3536 permulti
607 3468 675 3517 sunt
689 3457 740 3535 qui
753 3476 808 3533 pro
828 3457 921 3518 nihilo
940 3468 1053 3536 putent.
1098 3460 1146 3519 De
1166 3459 1295 3524 amicitia

283 3575 398 3616 *omnes
412 3556 450 3614 ad
465 3573 558 3615 unum
572 3553 653 3614 idem
667 3553 804 3630 sentiunt,
820 3564 851 3615 et
864 3555 892 3615 ei
905 3555 957 3633 qui
971 3556 1009 3615 ad
1023 3574 1085 3615 rem
1098 3557 1247 3634 publicam
1262 3579 1295 3621 se

294 3653 490 3725 contulerunt,
506 3661 536 3710 et
557 3650 584 3709 ei
606 3649 657 3725 qui
677 3670 773 3710 rerum
795 3650 966 3727 cognitione
987 3651 1180 3729 doctrinaque
1200 3655 1297 3716 delec·
1310 3689 1335 3727 30

293 3759 399 3822 tantur,
414 3758 444 3807 et
464 3746 492 3806 ei
512 3746 564 3823 qui
584 3765 671 3805 suurn
691 3745 843 3823 negotium
862 3741 966 3824 gerunt
987 3746 1082 3821 otiosi,
1098 3759 1248 3824 postremo
1267 3752 1295 3812 ei

294 3845 346 3923 qui
359 3864 391 3905 se
406 3855 485 3905 totos
495 3843 679 3904 tradiderunt
692 3843 899 3920 voluptatibus,
911 3844 974 3904 sine
988 3842 1116 3904 amicitia
1129 3844 1219 3905 vitam
1230 3865 1295 3909 esse

294 3942 414 4017 nullam,
439 3939 581 4001 simodo
603 3937 695 4000 velint
716 3938 817 4016 aliqua
839 3949 981 4018 exparte
1007 3938 1167 4001 liberaliter
1186 3939 1292 4003 uivere.
