3038 4876
280 747 327 805 IX
341 742 393 825 30]
623 746 692 806 DE
717 745 939 807 AMICITIA.
1245 763 1282 823 37

279 872 400 949 quidem
424 872 512 949 quale
533 870 578 946 sit,
601 871 689 933 etiam
712 871 743 931 in
767 872 867 933 bestiis
892 870 1069 949 quibusdam
1091 867 1284 934 animadverti

278 978 383 1045 potest,
399 988 476 1047 quae
490 989 527 1029 ex
540 988 572 1030 se
586 980 672 1030 natos
685 969 726 1030 ita
739 980 839 1030 amant
853 971 892 1030 ad
906 971 1058 1049 quoddam
1071 981 1189 1049 tempus
1203 981 1233 1032 et
1246 971 1306 1040 ab

279 1063 321 1151 eis
342 1063 383 1124 ita
399 1068 543 1137 amantur,
558 1074 591 1123 ut
606 1065 692 1126 facile
711 1084 812 1126 earum
833 1086 936 1127 sensus
954 1076 1100 1144 appareat.
1144 1068 1234 1144 Quod
1252 1065 1283 1126 in

278 1159 399 1221 homine
413 1161 507 1221 multo
521 1171 566 1222 est
579 1160 753 1237 evidentius,
768 1162 896 1241 primum
915 1182 951 1225 ex
965 1183 1000 1224 ea
1014 1163 1135 1226 caritate
1148 1183 1226 1243 quae
1239 1175 1283 1225 est

259 1258 354 1328 ,inter
367 1269 452 1320 natos
461 1268 490 1320 et
504 1259 641 1337 parentis,
656 1280 733 1339 quae
747 1260 844 1322 dirimi
858 1260 914 1322 nisi
928 1261 1093 1324 detestabili
1102 1262 1212 1324 scelere
1222 1281 1283 1323 non

278 1365 383 1434 potest,
399 1354 509 1416 deinde
526 1374 595 1415 cum
614 1355 716 1419 similis
735 1377 838 1419 sensus
855 1357 964 1420 exstitit
979 1357 1096 1433 amoris,
1111 1358 1136 1420 si
1154 1359 1283 1438 aliquem

278 1453 356 1514 nacti
370 1473 480 1525 sumus,
496 1452 579 1515 cuius
592 1476 661 1516 cum
676 1455 807 1517 moribus
821 1466 851 1517 et
865 1466 969 1517 natura
981 1477 1186 1536 congruamus,
1201 1460 1284 1537 quod

277 1548 308 1609 in
332 1571 370 1612 eo
392 1554 475 1630 quasi
497 1557 598 1614 lumen
620 1552 742 1629 aliquod
764 1553 916 1631 probitatis
931 1564 966 1623 ¹et
988 1554 1101 1615 virtutis
1117 1555 1283 1634 perspicere

277 1646 435 1709 videamur.
467 1650 550 1710 Nihil
564 1657 608 1709 est
617 1648 697 1709 enim
710 1649 816 1711 virtute
830 1650 991 1725 amabilius,
1007 1651 1079 1712 nihil
1093 1654 1176 1731 quod
1190 1652 1282 1732 magis
1296 1653 1335 1713 28

239 1774 264 1803 ιο
276 1743 384 1806 alliciat
398 1747 437 1806 ad
452 1745 654 1824 diligendum:
685 1746 796 1824 quippe
809 1767 878 1806 cum
892 1759 1011 1826 propter
1024 1747 1160 1809 virtutem
1174 1759 1205 1810 et
1217 1768 1282 1827 pro·
1338 1779 1340 1784 ·

276 1842 400 1904 bitatem
420 1845 509 1906 etiam
530 1865 582 1905 eos
585 1864 684 1922 ,quos
705 1864 867 1922 numquam
883 1845 1019 1918 vidimus,
1039 1847 1171 1924 quodam
1189 1847 1282 1906 modo

278 1941 441 2019 diligamus.
499 1942 573 2019 Quis
601 1951 645 2003 est
673 1942 724 2019 qui
751 1944 786 2005 C
811 1941 940 2048 Fabrici,
959 1945 1009 2002 M'.
1032 1942 1103 2006 Curi
1129 1961 1191 2003 non
1213 1962 1282 2002 cum

277 2039 398 2099 caritate
418 2039 517 2116 aliqua
535 2041 681 2100 benevola
698 2038 876 2100 memoriam
864 2008 1019 2121 usurpet
1026 2009 1108 2117 qub‘d
1118 2059 1282 2124 numquam

277 2135 402 2197 viderit?
443 2136 517 2213 Quis
531 2147 631 2196 autem
650 2147 694 2196 est
707 2155 759 2215 qm
750 2125 966 2212 ‘Tarquinium
980 2137 1151 2214 Superbum,
1166 2157 1217 2214 qur
1209 2136 1280 2213 '.Sp

240 2260 263 2299 ις
278 2232 422 2305 Cassium,
438 2233 486 2307 Sp
504 2229 647 2290 Maelium
657 2250 718 2290 non
727 2232 844 2291 oderit?
885 2232 963 2292 Cum
977 2233 1093 2297 duobus
1104 2231 1229 2293 ducibus
1243 2233 1283 2291 de

278 2324 402 2402 imperio
418 2325 449 2384 in
473 2325 557 2385 Italia
578 2336 622 2385 est
643 2326 833 2397 decertatum,
855 2326 965 2403 Pyrrho
986 2336 1015 2386 et
1035 2327 1223 2401 Hannibale3
1244 2327 1282 2387 ab

278 2423 370 2482 altero
383 2432 502 2500 propter
511 2421 688 2499 probitatem
699 2420 760 2481 eius
775 2440 836 2481 non
845 2420 933 2482 nimis
947 2421 1059 2482 alienos
1073 2421 1187 2483 animos
1196 2423 1284 2483 habe·

276 2538 351 2593 mus,
363 2521 485 2581 alterum
500 2529 618 2597 propter
630 2518 834 2580 crudelitatem
849 2538 965 2597 semper
978 2518 1165 2580 haeccivitas
1179 2512 1295 2580 oderit.l
1338 2509 1350 2531 ⁹

338 2619 392 2678 IX.
443 2617 534 2693 Quod
551 2614 575 2675 si
590 2625 673 2675 tanta
690 2613 733 2676 vis
747 2614 900 2692 probitatis
917 2624 970 2688 est,
985 2625 1018 2676 ut
1035 2635 1102 2677 eam
1119 2615 1167 2677 vel
1183 2615 1213 2674 in
1231 2613 1280 2685 eis,
1297 2615 1335 2674 29

237 2745 263 2773 20
276 2732 351 2791 quos
365 2733 529 2791 numquam
547 2711 683 2787 vidimus,
698 2714 754 2784 vel,
770 2713 852 2789 quod
866 2711 960 2773 maius
975 2723 1027 2786 est,
1043 2712 1073 2771 in
1094 2713 1180 2773 hoste
1194 2711 1283 2772 etiam

277 2809 441 2889 diligamus,
463 2809 536 2889 quid
560 2809 667 2869 mimm
688 2819 740 2882 est,
762 2809 787 2869 si
807 2809 1081 2871 animthominum
1101 2819 1282 2881 moveantur,

276 2926 471 2980 cumeorum,
487 2908 664 2985 quibuscum
678 2926 733 2968 usu
752 2907 903 2968 coniuncti
918 2928 982 2970 esse
998 2919 1130 2986 possunt,
1146 2907 1283 2968 virtutem

277 3013 306 3064 et
314 3002 478 3065 bonitatem
492 3002 657 3081 perspicere
667 3001 846 3063 videantur?
895 3004 1085 3079 Quamquam
1094 2986 1284 3062 confirmatur

276 3118 359 3159 amor
372 3109 402 3159 et
410 3099 556 3160 beneficio
570 3107 693 3175 accepto
707 3107 737 3158 et
745 3097 845 3171 studio
857 3109 1012 3175 perspecto
1026 3109 1056 3165 et
1068 3099 1284 3160 consuetudine

237 3227 262 3267 ,ς
274 3196 421 3269 adiuncta,
445 3196 552 3274 quibus
576 3195 724 3257 rebusad
746 3195 828 3255 illum
852 3194 979 3274 primurn
1003 3204 1118 3256 motum
1141 3192 1233 3255 animi
1253 3197 1283 3256 'et

275 3294 383 3357 amoris
396 3294 534 3357 adhibitis
545 3293 724 3357 admirabilis
734 3295 881 3372 quaedam
890 3291 1051 3355 exardescit
1059 3292 1283 3354 benevolentiae

275 3389 457 3469 magnitudo.
501 3392 600 3467 Quam
619 3387 644 3450 si
662 3388 715 3467 qui
732 3399 839 3468 putant
856 3389 895 3450 ab
911 3387 1112 3450 imbecillitate
1126 3387 1281 3465 proficisci,

275 3499 309 3550 ut
322 3488 359 3549 sit
373 3507 528 3566 perquem
542 3488 720 3564 adsequatur
733 3484 953 3564 quodquisque
967 3486 1123 3559 desideret,
1132 3485 1282 3575 ¹humilem·

253 3615 257 3627 κ
276 3605 347 3647 sane
363 3583 512 3645 relincunt
533 3594 563 3645 et
583 3582 706 3646 minime
731 3580 971 3664 generosum,'ut
991 3581 1033 3644 ita
1053 3582 1160 3660 dicam,
1183 3593 1281 3644 ortum

236 3716 262 3756 φ
275 3684 428 3758 amicitiae,
452 3704 543 3761 quam
564 3704 601 3745 ex
622 3682 725 3760 inopia
745 3693 834 3759 atque
856 3682 1020 3760 indigentia
1041 3693 1141 3743 natam
1167 3683 1279 3743 volunt.

276 3781 367 3857 Quod
380 3778 405 3842 si
418 3780 461 3840 ita
473 3790 558 3853 esset,
569 3778 735 3857 utquisque
749 3767 904 3839 minimum
919 3767 983 3839 ess‘e
997 3777 1028 3840 in
1042 3798 1074 3840 se
1087 3777 1280 3859 arbitraretur,

276 3869 318 3938 ita
330 3877 369 3937 ad
383 3875 543 3937 amicitiam
558 3887 634 3937 esset
648 3875 835 3954 aptissimus3
855 3860 938 3954 qudd
947 3877 1035 3954 longe
1046 3895 1130 3938 secus
1141 3886 1192 3937 est.
1236 3878 1280 3938 Ut
1296 3878 1334 3937 30

276 3973 356 4038 enim
374 3973 501 4054 quisque
521 3973 577 4065 sibi
597 3973 755 4053 plurimum
774 3973 899 4035 confidit
915 3983 945 4037 et
958 3984 991 4035 ut
1004 3972 1131 4052 quisque
1151 3971 1281 4036 maxime
