3038 4876
172 694 250 753 xrx
265 689 316 775 ⁶9]
517 697 585 756 Da
610 695 834 757 aniciam.
1136 714 1180 774 49-

171 800 273 896 estut
285 841 324 884 ne
344 821 516 884 criminibus
529 834 581 885 aut
594 821 754 886 inserendis
770 825 934 885 delectetur
946 824 998 886 abt
1011 825 1113 886 credat
1125 825 1178 887 ob

171 917 244 991 latis,
261 938 339 995 quae
352 919 502 997 pertinent
512 919 614 980 omnia
626 921 665 981 ad
679 940 756 992 eam,
765 939 855 996 quam
870 918 928 980 iam
943 922 1057 982 dudum
1072 931 1176 995 tracto,

172 1013 377 1075 constantiam.
421 1019 471 1075 Ita
484 1016 517 1076 fit
524 1035 625 1076 verum
640 1015 723 1088 illud,
735 1017 818 1093 quod
833 1015 918 1077 initio
932 1015 1002 1086 dixi,
1016 1017 1177 1078 amicitiam

170 1107 227 1169 nisi
246 1107 324 1170 inter
341 1109 437 1171 bonos
457 1129 522 1171 esse
540 1130 601 1171 non
622 1130 719 1188 posse.
763 1114 817 1172 Est
830 1111 911 1171 enim
924 1111 998 1172 boni
1010 1111 1073 1186 viri,
1088 1099 1176 1190 quem

145 1205 301 1274 seundem
316 1205 479 1284 sapientem
494 1205 564 1267 licet
578 1206 686 1281 dicere,
702 1205 778 1267 haec
796 1208 857 1267 duo
871 1218 972 1282 tenere
986 1207 1017 1267 in
1032 1207 1176 1269 amicitia:

171 1303 307 1381 primum,
323 1304 449 1383 nequid
463 1307 564 1366 fictum
578 1306 616 1368 sit
629 1325 704 1367 neve
719 1305 904 1382 simulatum
924 1317 1025 1386 aperte
1039 1307 1118 1369 enim
1129 1309 1177 1369 vel

171 1397 270 1458 odisse
292 1397 385 1476 magis
403 1397 524 1476 ingenui
543 1409 588 1460 est
602 1419 693 1476 quam
707 1402 804 1461 fronte
818 1401 967 1460 occultare
981 1400 1177 1462 sententiam:

171 1492 280 1555 deinde
298 1513 360 1555 non
379 1496 475 1556 solum
493 1497 531 1556 ab
550 1495 650 1573 aliquo
666 1496 769 1555 allatas
786 1488 1010 1555 criminationes'
1026 1495 1176 1572 repellere,

171 1591 223 1651 sed
244 1611 283 1652 ne
297 1591 395 1669 ipsum
416 1592 537 1669 quidem
555 1613 620 1653 esse
639 1592 842 1670 suspiciosum,
862 1611 978 1668 semper
997 1590 1110 1668 aliquid
1129 1611 1178 1652 ex·

133 1716 157 1745 to
170 1684 348 1746 istimantem
368 1689 406 1747 ab
423 1687 521 1749 amico
540 1708 605 1750 esse
625 1689 775 1749 violatum.
818 1689 953 1749 Accedat
969 1687 1029 1748 huc
1047 1686 1176 1747 suavitas
1191 1686 1228 1744 66

171 1786 319 1861 quaedam
344 1796 461 1862 oportet
484 1806 653 1847 sermonum
677 1797 768 1863 atque
792 1805 918 1857 morum,
943 1786 1177 1862 haudquaquam

170 1880 321 1942 mediocre
334 1882 559 1943 condimentum
569 1882 725 1944 amicitiae.
747 1882 879 1944 Tristitia
891 1894 990 1944 autem
1005 1882 1079 1951 etin
1094 1881 1177 1943 omni

170 1996 203 2039 re
229 1978 368 2040 severitas
395 1981 486 2041 habet
512 1979 563 2040 illa
597 1979 718 2059 quidem
752 1979 933 2059 gravitatem,
961 1981 1015 2041 sed
1048 1977 1182 2040 amicitia.

171 2076 319 2138 remissior
327 2095 391 2138 esse
405 2078 495 2138 debet
509 2088 540 2139 et
553 2077 672 2139 liberior
685 2089 715 2140 et
729 2078 844 2140 dulcior
858 2079 939 2140 etad
954 2097 1075 2139 omnem
1090 2076 1181 2139 comi-

134 2207 157 2246 ις
169 2184 261 2238 tatem
274 2173 504 2254 facilitatemque
517 2176 681 2255 proclivior.

230 2273 316 2334 XIX.
360 2273 481 2334 Exsistit
500 2284 599 2335 autem
620 2275 679 2335 hoc
698 2273 935 2353 locoquaedam
955 2272 1092 2352 quaestio
1112 2275 1178 2334 sub·
1192 2274 1229 2333 67

172 2369 306 2445 difficilis,
328 2391 400 2431 num
421 2373 543 2450 quando
563 2371 651 2432 amici
672 2371 751 2446 novi,
774 2370 856 2451 digni
877 2370 1015 2446 amicitia,
1030 2367 1177 2432 veteribus

172 2465 231 2529 sint
238 2465 449 2545 anteponendi,
461 2479 493 2528 ut
504 2467 589 2546 equis
598 2468 702 2529 vetulis
714 2479 830 2529 teneros
842 2477 1021 2546 anteponere
1032 2468 1177 2528 solemus:

172 2559 295 2643 indigna
308 2563 428 2626 homine
437 2564 597 2641 dubitatio;
611 2585 671 2626 non
684 2563 764 2625 enim
775 2565 886 2626 debent
895 2584 960 2626 esse
973 2563 1177 2636 amicitiarum,

133 2696 159 2724 ω
172 2661 247 2724 sicut
267 2663 389 2723 aliarum
417 2684 522 2739 rerum,
545 2663 695 2725 satietates
704 2685 713 2739 ;
742 2663 899 2724 veterrima
919 2682 1064 2742 quaeque,
1087 2672 1121 2724 ut
1142 2682 1179 2723 ea

172 2759 241 2821 vina
264 2779 341 2838 quae
369 2771 546 2822 vetustatem
568 2764 673 2833 serunt,
699 2781 764 2822 esse
786 2761 897 2822 debent
925 2759 1107 2834 suavissima,
1130 2778 1178 2820 ve·

172 2877 297 2935 rumque
317 2856 389 2918 illud
411 2868 465 2931 est,
487 2859 570 2935 quod
592 2857 706 2931 dicitur,
730 2856 979 2926 multosmodios
1003 2856 1070 2917 salis
1090 2857 1178 2918 simul

173 2955 307 3015 edendos
329 2974 403 3027 esse,
420 2965 454 3014 ut
472 2955 619 3016 amicitiae
636 2975 746 3016 munus
766 2956 918 3033 expletum
933 2953 978 3015 sit.
1021 2953 1178 3016 Novitates
1193 2955 1231 3015 68

173 3061 281 3123 autem,
297 3049 321 3110 si
336 3070 419 3128 spem
434 3053 568 3125 afferunt,
579 3063 612 3112 ut
626 3063 777 3128 tamquam
792 3050 822 3111 in
837 3051 935 3112 herbis
949 3071 1012 3111 non
1026 3051 1178 3112 fallacibus

133 3179 158 3218 ες
171 3150 280 3208 fructus
294 3159 442 3225 appareat,
454 3168 516 3209 non
530 3160 599 3209 sunt
607 3148 674 3209 illae
688 3148 809 3226 quidem
824 3148 1035 3224 repudiandae,
1049 3157 1179 3209 vetustas

173 3256 273 3308 tamen
293 3247 361 3307 loco
382 3266 437 3307 suo
458 3248 679 3322 conservanda;
706 3246 836 3306 maxima
857 3256 901 3307 est
922 3245 1002 3307 enim
1019 3245 1064 3306 vis
1082 3255 1179 3306 vetus·

173 3343 241 3405 tatis
261 3351 291 3404 et
312 3343 542 3404 consuetudinis.
586 3330 658 3422 ipso
686 3363 774 3421 equo,
796 3341 880 3404 cuius
908 3343 1000 3403 modo
1020 3341 1078 3402 feci
1097 3361 1179 3404 men·

173 3439 294 3515 tionem,
314 3438 340 3500 si
360 3441 442 3500 nulla
461 3460 508 3502 res
527 3440 680 3519 impediat,
699 3461 791 3502 nemo
807 3451 852 3503 est
871 3439 943 3520 quin
962 3459 1008 3515 eo,
1028 3460 1091 3519 quo
1108 3459 1179 3502 con·
1215 3475 1217 3481 ·

173 3538 277 3615 suevit,
289 3538 429 3601 libentius
449 3551 547 3602 utatur
568 3562 657 3621 quam
678 3541 834 3603 intractato
855 3551 885 3603 et
904 3560 1003 3615 novo;
1029 3559 1086 3601 nec
1106 3559 1178 3602 vero

133 3670 159 3710 ,ο
171 3637 202 3700 in
215 3639 282 3710 hoc,
297 3639 379 3716 quod
393 3649 438 3699 est
451 3639 568 3714 animal,
581 3640 634 3701 sed
648 3639 679 3701 in
694 3638 737 3701 eis
750 3639 848 3713 etiam,
864 3657 941 3716 quae
955 3647 1023 3699 sunt
1036 3635 1176 3712 inanima,

173 3735 359 3798 consuetudo
367 3737 453 3810 valet,
463 3755 531 3796 curn
541 3735 615 3798 locis
628 3736 700 3814 ipsis
713 3736 903 3812 delectemur,
915 3735 1080 3797 montuosis
1088 3735 1177 3797 etiam

174 3842 203 3896 et
216 3831 406 3906 silvestribus,
420 3832 452 3893 in
463 3833 571 3912 quibus
585 3834 695 3896 diutius
709 3832 883 3896 commorati
897 3853 1007 3895 sumus.

185 3959 188 3977 ι
233 3929 294 3990 Sed
318 3929 480 3991 maximum
505 3929 605 3992 estin
630 3929 760 3992 amicitia
783 3930 963 4014 superiorem
987 3948 1089 4008 parem
1113 3948 1178 3991 esse
1192 3930 1229 3988 69

256 4043 284 4086 ru
301 4044 327 4086 1„
717 4069 719 4073 r
1089 4047 1109 4102 4
