3038 4876
248 741 277 798 v
293 735 342 818 ω]
378 719 383 736 ’
585 737 653 796 aa
679 734 902 797 Amrcrrm.
1210 749 1248 808 ³³

247 865 383 926 humanis
396 865 598 941 anteponatis3
620 863 693 923 nihil
708 874 752 925 est
766 863 845 924 enim
860 873 919 923 tam
935 870 1056 921 naturae
1070 868 1181 937 aptum,
1191 867 1251 916 tam

248 959 428 1020 conveniens
439 960 478 1019 ad
489 979 535 1019 res
545 960 592 1019 vel
603 960 750 1019 secundas
759 960 804 1018 vel
816 959 960 1018 adversas.
983 957 1041 1017 Sed
1051 956 1110 1015 hoc
1123 953 1250 1031 primum
1267 951 1305 1010 18

247 1053 351 1125 sentio,
366 1052 423 1113 nisi
439 1053 470 1112 in
484 1052 571 1113 bonis
585 1051 744 1111 amicitiam
764 1071 829 1112 esse
842 1071 904 1112 non
923 1070 1030 1127 posse:
1051 1068 1149 1126 neque
1167 1048 1199 1108 id
1212 1048 1252 1108 ad
1280 1129 1283 1136 Ι

246 1148 346 1208 vivom
369 1168 480 1222 reseco,
506 1158 538 1208 ut
560 1147 610 1220 illi,
636 1146 686 1225 qui
708 1149 782 1209 haec
801 1149 936 1208 subtilius
957 1147 1112 1219 disserunt,
1130 1149 1253 1207 fortasse

227 1265 324 1321 suere,
346 1246 400 1307 sed
427 1246 466 1307 ad
494 1265 685 1306 communem
714 1245 870 1308 utilitatem
891 1265 996 1323 pamm
1002 1265 1012 1320 3
1036 1254 1145 1322 negant
1173 1241 1253 1304 enim

249 1362 427 1422 quemquam
442 1363 507 1405 esse
521 1342 615 1404 virum
629 1344 742 1404 bonum
757 1342 813 1403 nisi
827 1343 999 1420 sapientem.
1042 1341 1086 1403 Sit
1104 1341 1145 1401 ita
1163 1360 1252 1402 sane:

249 1442 302 1501 sed
326 1447 392 1503 e'am
414 1441 592 1520 sapientiam
616 1442 853 1522 interpretantur,
879 1463 968 1521 quam
996 1443 1095 1503 adhuc
1121 1439 1253 1502 mortalis

248 1557 337 1599 nemo
351 1550 396 1600 est
406 1550 602 1616 consecutus;
623 1560 678 1601 nos
692 1551 791 1602 autem
803 1561 847 1609 ea,
858 1562 934 1619 quae
945 1552 1014 1602 sunt
1024 1540 1054 1601 in
1065 1560 1121 1601 usu
1134 1539 1253 1618 vitaque

247 1636 408 1711 communi,
434 1657 496 1697 non
525 1657 569 1712 ea,
595 1657 673 1716 quae
700 1640 849 1717 finguntur
871 1649 923 1699 aut
947 1649 1095 1715 optantur,
1119 1647 1253 1716 spectare

213 1760 237 1790 ιο
251 1731 402 1798 debemus.
440 1735 613 1811 Numquam
629 1754 685 1812 ego
700 1735 796 1795 dicam
811 1736 846 1797 C.
860 1734 1036 1810 Fabricium,
1053 1736 1104 1794 Μ’.
1117 1734 1249 1817 Curium,

248 1830 294 1892 Ti.
310 1831 541 1907 Coruncanium,
556 1853 632 1911 quos
647 1834 795 1911 sapientes
814 1833 907 1894 nostri
926 1833 1052 1895 maiores
1071 1833 1250 1910 iudicabant,

249 1928 285 1988 ad
299 1928 426 1990 istorum
447 1949 582 1990 normam
601 1930 692 1991 luisse
714 1930 869 2008 sapientes.
913 1933 981 2008 Qua
996 1952 1028 1993 re
1048 1930 1103 1992 sibi
1123 1933 1253 1993 habeant

249 2027 413 2106 sapientiae
427 2048 537 2088 nomen
552 2040 582 2089 et
601 2028 781 2089 invidiosum
801 2040 831 2089 et
848 2030 1017 2102 obscurum,
1033 2030 1201 2089 concedant
1219 2040 1252 2090 ut

249 2123 303 2184 viri
321 2123 394 2184 boni
415 2122 530 2184 suerint.
574 2126 622 2184 Ne
641 2123 672 2184 id
693 2125 815 2202 quidem
834 2125 960 2200 sacient3
980 2128 1130 2204 negabunt
1150 2125 1182 2186 id
1196 2125 1253 2186 nisi

214 2249 233 2287 25
249 2217 374 2296 sapienti
399 2237 487 2295 posse
513 2219 647 2279 concedi.
689 2223 821 2296 Agamus
848 2220 933 2300 igitur
962 2221 1073 2299 pingui,
1102 2232 1135 2281 ut
1162 2221 1252 2296 aiunt,
1269 2222 1306 2283 19

249 2314 390 2373 Minerva
434 2314 493 2389 Qui
515 2312 556 2375 ita
576 2334 607 2374 se
625 2326 737 2392 gerunt,
753 2315 793 2377 ita
810 2315 920 2389 vivont,
941 2327 974 2376 ut
994 2333 1096 2377 eorum
1114 2317 1255 2395 probetur

249 2411 324 2471 fides
337 2409 487 2488 integritas
501 2410 633 2488 aequitas
647 2412 812 2485 liberalitas,
827 2432 883 2473 nec
897 2412 934 2473 sit
948 2412 978 2472 in
989 2413 1031 2474 eis
1040 2414 1101 2473 ulla
1108 2413 1254 2491 cupiditas

248 2505 343 2567 libido
357 2506 490 2581 audacia,
505 2507 623 2584 sintque
638 2528 745 2587 magna
758 2508 973 2579 constantiani
987 2507 1015 2570 ei
1023 2511 1149 2583 suerunt,
1161 2510 1254 2571 modo

249 2626 324 2685 quos
338 2605 498 2679 nominavi,
514 2607 569 2668 hos
583 2606 660 2668 viros
674 2610 779 2681 bonos,
795 2619 828 2668 ut
847 2607 939 2668 habiti
953 2618 1030 2682 sunt,
1046 2607 1089 2668 sic
1102 2607 1192 2669 etiam
1206 2629 1255 2687 ap

215 2736 236 2764 ιο
248 2705 405 2783 pellandos
425 2715 572 2783 putemus,
591 2704 662 2782 quia
683 2716 851 2783 sequantur,
866 2717 1011 2784 quantum
1032 2706 1168 2767 homines
1190 2726 1256 2784 pos·

249 2813 326 2876 sunt,
341 2812 475 2863 naturam
490 2803 633 2880 optimam
647 2802 724 2863 bene
738 2803 856 2864 vivendi
871 2775 1074 2887 ducemsssic
1088 2801 1167 2863 enim
1182 2803 1255 2863 mihi

247 2899 411 2978 perspicere
434 2899 545 2973 videor,
566 2899 608 2961 ita
630 2912 716 2961 natos
736 2921 800 2962 esse
821 2921 885 2974 nos,
907 2910 939 2961 ut
960 2900 1036 2961 inter
1058 2900 1155 2960 omnis
1178 2911 1255 2962 esset

248 2998 373 3060 societas
400 3000 558 3075 quaedam,
584 2999 678 3060 maior
705 3011 813 3072 autem,
842 3011 875 3060 ut
902 2998 1028 3077 quisque
1055 2998 1189 3077 proxime
1210 3017 1256 3058 ac·

246 3094 373 3154 cederet
417 3096 523 3170 Itaque
553 3093 631 3155 cives
652 3095 781 3172 potiores
805 3115 895 3174 quam
919 3094 1072 3174 peregrini,
1097 3093 1256 3172 propinqui

217 3223 232 3260 -5
247 3211 338 3269 quam
360 3190 467 3267 alieni3
487 3193 556 3251 cuni
573 3191 619 3252 his
643 3192 724 3253 enim
746 3193 905 3254 amicitiam
927 3204 1031 3254 natura
1050 3193 1114 3270 ipsa
1133 3191 1254 3270 peperit,

226 3363 230 3371 1
247 3292 301 3352 sed
314 3311 350 3352 ea
363 3310 424 3351 non
439 3291 508 3351 satis
522 3292 611 3351 habet
620 3290 772 3353 firmitatis.
796 3294 935 3368 Namque
945 3292 1004 3351 hoc
1017 3300 1144 3368 praestat
1158 3287 1256 3349 amici-

248 3387 289 3448 tia
309 3387 529 3467 propinquitati,
555 3389 638 3465 quod
662 3409 698 3449 ex
721 3389 940 3467 propinquitate
964 3387 1171 3450 benevolentia
1192 3385 1255 3448 tolli
1289 3429 1291 3432 ι

246 3497 352 3563 potest,
372 3506 410 3546 ex
426 3485 555 3547 amicitia
577 3507 638 3547 non
663 3498 778 3565 potest;
807 3489 923 3548 sublata
946 3487 1026 3548 enim
1049 3485 1256 3547 benevolentia

245 3582 391 3644 amicitiae
421 3603 531 3643 nomen
564 3585 682 3656 tollitur,
711 3583 936 3662 propinquitatis
971 3594 1078 3644 manet.
1136 3585 1256 3660 Quanta
1269 3583 1307 3642 20

217 3709 231 3736 0
243 3688 341 3737 autem
360 3677 403 3738 vis
423 3677 568 3737 amicitiae
582 3678 619 3738 sit
633 3698 670 3738 ex
684 3681 742 3738 hoc
760 3679 891 3756 intellegi
907 3679 1035 3739 maxime
1048 3689 1153 3755 potest,
1173 3679 1255 3755 quod

245 3795 282 3835 ex
307 3773 422 3834 infinita
442 3774 582 3835 societate
603 3776 717 3853 generis
738 3777 868 3850 humani,
891 3796 980 3853 quam
1002 3775 1169 3836 conciliavit
1190 3774 1254 3851 ipsa

247 3883 356 3947 natura,
373 3865 414 3932 ita
427 3884 578 3933 contracta
591 3893 637 3934 res
649 3885 692 3934 est
707 3884 736 3934 et
750 3875 880 3935 adducta
888 3872 919 3933 in
933 3852 1098 3976 &gustum
1110 3884 1142 3932 ut
1157 3872 1254 3932 omnis
1301 3920 1305 3930 .

244 3969 348 4031 caritas
362 3981 412 4032 aut
426 3969 503 4033 inter
521 3972 597 4032 duos
615 3982 666 4032 aut
684 3971 760 4034 inter
776 3992 888 4051 paucos
907 3971 1080 4050 iungeretur.
1124 3973 1178 4030 VI.
1202 3972 1253 4030 Es't

323 4103 389 4147 nn
1146 4107 1163 4164 3
