3038 4876
335 721 375 777 44
733 702 927 764 LAELIUS
1194 702 1284 786 [XIV
1298 725 1336 783 49

281 881 284 890 .
335 821 418 893 Nihil
442 843 486 895 est
507 831 587 893 enim
610 832 847 894 remuneratione
870 834 1102 907 benevolentiae,
1130 834 1204 895 nihil
1230 834 1340 897 vicissi-

283 930 320 990 50
334 930 439 991 tudine
456 930 621 991 studiorum
641 931 865 1009 officiorumque
884 932 1049 994 iucundius.
1092 934 1197 1008 Quid?
1224 934 1248 995 si
1265 935 1339 995 illud

336 1025 425 1086 etiarn
439 1026 585 1098 addimus,
597 1027 679 1102 quod
693 1038 772 1086 recte
786 1028 857 1087 addi
871 1039 976 1104 potest,
989 1029 1063 1087 nihil
1077 1048 1142 1088 esse
1157 1031 1239 1106 quod
1253 1031 1293 1089 ad
1307 1050 1339 1090 se

335 1141 398 1183 rem
409 1123 500 1182 ullam
511 1132 572 1182 tam
580 1122 681 1182 illiciat
696 1133 725 1183 et
739 1133 799 1183 tam
811 1125 905 1184 trahat
919 1144 1009 1202 quam
1023 1127 1061 1189 ad
1073 1124 1231 1185 amicitiam
1241 1125 1339 1185 simili-

331 1218 418 1291 tudo,
434 1219 616 1277 concedetur
629 1219 763 1294 proiecto
773 1238 875 1280 verum
889 1239 962 1292 esse,
973 1230 1006 1280 ut
1019 1221 1115 1280 bonos
1130 1219 1202 1281 boni
1215 1221 1341 1299 diligant

336 1314 542 1394 asciscantque
575 1313 633 1375 sibi
666 1315 751 1393 quasi
785 1316 1005 1394 propinquitate
1039 1317 1214 1400 conjunctos
1249 1329 1339 1396 atque

335 1421 446 1471 natura
470 1410 553 1471 Nihil
567 1421 612 1471 est
626 1410 705 1488 enim
719 1412 907 1489 appetentius
922 1412 1060 1472 similium
1074 1412 1120 1472 sui
1134 1432 1190 1473 nec
1204 1413 1339 1491 rapacius

336 1496 425 1588 quam
442 1522 553 1571 natura
577 1511 676 1585 Quam
686 1512 725 1570 ob
740 1529 801 1569 rem
816 1511 875 1570 hoc
889 1509 1021 1586 quidem,
1033 1510 1128 1569 Fanni
1142 1520 1172 1570 et
1186 1511 1337 1582 Scaevola,

335 1619 460 1682 constet,
475 1618 508 1669 ut
522 1608 635 1686 opinor,
648 1607 733 1668 bonis
748 1608 824 1668 inter
837 1609 933 1669 bonos
944 1608 1029 1685 quasi
1043 1608 1237 1670 necessariam
1250 1609 1329 1670 bene

336 1705 505 1778 volentiam,
522 1703 573 1781 qui
587 1715 632 1764 est
647 1703 794 1764 amicitiae
809 1705 875 1764 sons
895 1723 913 1763 a
929 1715 1034 1764 natura
1052 1703 1236 1764 constitutus
1279 1707 1339 1766 Sed

337 1802 441 1860 eadem
456 1799 573 1859 bonitas
593 1797 682 1883 etiam
701 1800 740 1856 ad
756 1798 975 1858 multitudinem
995 1798 1128 1875 pertinet.
1172 1800 1243 1858 Non
1258 1798 1337 1858 enim

336 1907 380 1957 est
401 1896 562 1956 inhumana
582 1894 674 1970 virtus
697 1913 795 1972 neque
813 1894 952 1964 immunis
980 1915 1077 1973 neque
1104 1896 1238 1974 superba,
1262 1915 1340 1973 quae

336 1991 425 2052 etiam
439 1992 566 2070 populos
580 1989 732 2050 universos
745 1991 820 2050 tueri
833 1991 935 2067 eisque
944 1991 1055 2068 optime
1068 1993 1222 2052 consulere
1235 1991 1339 2064 soleat,

337 2091 421 2169 quod
447 2109 509 2149 non
527 2090 636 2149 faceret
662 2089 803 2166 prolecto,
827 2087 891 2157 sia
914 2089 1035 2149 caritate
1059 2088 1138 2175 volgi
1159 2090 1338 2151 abhorreret.

286 2189 321 2248 51
338 2191 438 2265 Atque
460 2188 549 2247 etiam
569 2185 642 2247 mihi
663 2185 785 2264 quidem
805 2185 950 2262 videntur,
967 2187 1018 2266 qui
1039 2173 1173 2249 utilitatis
1186 2208 1276 2250 causa
1288 2190 1341 2249 fin-

337 2296 411 2364 gunt
420 2283 572 2355 amicitias,
582 2283 825 2344 amabilissimum
836 2286 950 2346 nodum
958 2284 1103 2346 amicitiae
1117 2287 1228 2347 tollere.
1267 2289 1340 2349 Non

338 2381 417 2444 enim
438 2392 499 2441 tam
517 2379 627 2441 utilitas
647 2391 730 2457 parta
750 2400 803 2458 per
822 2381 951 2441 amicum
966 2400 1056 2458 quam
1074 2381 1161 2442 amici
1175 2401 1259 2443 amor
1276 2383 1340 2460 ipse

338 2477 474 2549 delectat,
498 2486 621 2551 tumque
645 2475 719 2534 illud
743 2477 784 2548 fit,
807 2478 889 2552 quod
910 2476 948 2535 ab
970 2475 1067 2536 amico
1092 2486 1136 2536 est
1163 2478 1338 2554 profectum,

338 2571 509 2645 iucundum,
524 2570 632 2631 sicum
647 2572 745 2631 studio
760 2583 804 2632 est
822 2574 997 2649 profectum,
1013 2583 1187 2650 tantumque
1208 2576 1292 2635 abest
1306 2588 1340 2636 ut

338 2667 485 2729 amicitiae
503 2679 622 2746 propter
638 2668 832 2746 indigentiam
850 2670 992 2743 colantur,
1009 2680 1042 2729 ut
1060 2668 1096 2742 ei,
1112 2669 1163 2747 qui
1181 2669 1289 2748 opibus
1308 2683 1358 2734 etL

338 2762 432 2842 copiis
447 2744 634 2840 maximeque
647 2763 761 2838 virtute,
777 2763 808 2823 in
826 2783 887 2840 qua
904 2764 1063 2840 plurimum
1078 2774 1122 2824 est
1136 2764 1271 2841 praesidi,
1286 2766 1340 2826 mi-

313 2850 315 2854 ’
338 2861 418 2922 nime
432 2861 550 2921 alterius
569 2861 730 2938 indigeant,
745 2861 939 2922 liberalissimi
953 2862 1011 2922 sint
1026 2873 1055 2922 et
1068 2861 1337 2925 beneficentissimi.

337 2961 437 3034 Atque
450 2958 532 3017 haud
545 2956 635 3018 sciam
650 2978 688 3018 au
701 2977 740 3018 ne
754 2978 829 3037 opus
844 2958 881 3019 sit
895 2958 1016 3036 quidem
1029 2957 1102 3019 nihil
1115 2977 1260 3036 umquam
1274 2980 1337 3022 om-

337 3054 410 3115 nino
430 3055 534 3115 deesse
554 3053 663 3115 amicis.
706 3055 769 3118 Ubi
790 3050 988 3116 enim'studia
1004 3066 1105 3118 nostra
1124 3056 1292 3135 viguissent,
1314 3058 1340 3121 si

319 3171 501 3229 ⁸numquam
520 3151 652 3228 consilio,
675 3172 838 3231 numquam
863 3172 953 3232 opera
975 3167 1076 3217 nostra
1098 3174 1156 3215 nec
1179 3154 1262 3217 domi
1283 3177 1361 3219 neca

338 3246 460 3308 militiae
475 3246 574 3326 Scipio
590 3247 734 3327 eguisset?
775 3251 847 3310 Non
860 3249 948 3328 igitur
961 3249 1118 3312 utilitatem
1131 3250 1268 3326 amicitia,
1284 3254 1339 3316 sed

338 3346 447 3409 utilitas
461 3345 621 3409 amicitiam
635 3358 737 3409 secuta
750 3358 802 3410 est

285 3447 323 3507 52
397 3445 464 3508 XV.
507 3447 579 3508 Non
594 3465 664 3524 ergo
683 3458 769 3509 erunt
789 3446 925 3509 homines
936 3446 1057 3534 deliciis
1075 3438 1241 3522 diffluentes
1258 3449 1340 3512 audi-

329 3538 415 3618 endi,
430 3540 590 3622 siquando
604 3545 642 3606 de
656 3543 793 3620 amicitia,
805 3565 893 3624 quam
905 3566 961 3607 nec
971 3567 1027 3608 usu
1037 3566 1094 3607 nec
1104 3546 1216 3608 ratione
1227 3549 1339 3611 habent

321 3640 494 3721 cognitam,
517 3639 719 3718 disputabunt.
762 3644 841 3702 Nam
862 3644 928 3721 quis
952 3657 1005 3719 est,
1027 3664 1080 3722 pro
1101 3646 1225 3705 deorum
1248 3647 1365 3716 fidem,

337 3727 614 3815 atq'ue'hominuml
636 3737 687 3814 qui
704 3737 782 3813 velit,
798 3750 831 3799 ut
849 3759 947 3816 neque
964 3740 1065 3816 diligat
1082 3759 1263 3817 quemquam
1282 3761 1338 3802 nec

336 3834 401 3910 ipse
414 3835 453 3892 ab
471 3834 533 3892 ullo
550 3832 696 3909 diligatur,
710 3833 912 3894 circumfluere
931 3834 1069 3894 omnibus
1088 3834 1181 3911 copiis
1197 3844 1288 3910 atque
1306 3834 1339 3895 in

337 3928 471 4015 omnium
491 3947 588 3999 rerum
608 3930 793 3991 abundantia
811 3931 930 3996 vivere?
958 3933 1058 3992 ··Haec
1078 3930 1158 3992 enim
1179 3942 1224 3994 est
1243 3941 1340 4012 tyran·
