3038 4876
266 742 343 802 xrv
356 736 408 821 49]
608 738 678 798 aa
702 723 926 798 AMICITIA.
1228 757 1267 815 43

265 871 444 948 praeclaram
459 866 650 946 sapientiam!
684 868 784 929 Solem
799 860 878 928 enirn
894 849 1153 929 emundo'tollere
1167 866 1268 929 viden·

266 975 312 1027 tur
321 963 362 1036 ei,
377 964 427 1042 qui
441 963 602 1024 amicitiam
617 984 634 1024 e
647 963 708 1023 vita
721 965 837 1038 tollunt,
848 984 908 1041 qua
920 963 994 1023 nihil
1008 984 1027 1023 a
1040 964 1086 1025 dis
1100 963 1269 1025 immortali-

266 1065 322 1123 bus
342 1063 448 1122 melius
468 1063 621 1134 habemus,
636 1061 710 1120 nihil
732 1060 897 1121 iucundius.
941 1063 1027 1135 Quae
1048 1072 1093 1121 est
1114 1062 1193 1122 enim
1213 1060 1270 1121 ista

266 1157 426 1220 securitas?
467 1157 573 1236 Specie
594 1157 717 1234 quidem
738 1158 858 1228 blanda,
876 1157 929 1217 sed
950 1177 1053 1235 reapse
1074 1157 1175 1217 multis
1195 1157 1269 1218 locis

246 1254 454 1333 trepudianda.
487 1257 594 1332 Neque
608 1254 689 1316 enim
704 1264 748 1315 est
761 1266 994 1334 consentaneum
1003 1256 1099 1320 ,ullam
1114 1256 1269 1317 honestam

265 1375 327 1415 rem
341 1352 536 1428 actionemve,
553 1373 591 1414 ne
605 1351 748 1413 sollicitus
767 1335 818 1428 sis,
829 1349 889 1413 'aut'
900 1363 962 1414 non
976 1353 1125 1431 suscipere
1143 1363 1194 1414 aut
1208 1373 1268 1415 sus·

266 1464 382 1531 ceptam
398 1455 556 1531 deponere.
600 1454 691 1528 Quod
711 1454 735 1514 si
750 1474 851 1514 curam
871 1453 1008 1530 sugimus,
1024 1452 1116 1513 virtus
1129 1452 1269 1531 fugienda

266 1562 318 1625 est,
342 1569 420 1627 quae
444 1568 565 1610 necesse
590 1559 635 1609 est
657 1569 726 1609 curn
750 1549 850 1626 aliqua
874 1568 943 1608 cura
964 1568 1010 1609 res
1033 1548 1089 1610 sibi
1108 1550 1268 1611 contrarias

265 1657 436 1725 aspernetur
457 1658 547 1723 atque
571 1645 676 1719 oderit,
700 1657 733 1706 ut
757 1647 874 1707 bonitas
896 1645 1046 1720 malitiam,
1076 1647 1270 1723 temperantia

246 1743 425 1816 ‚libidinem
442 1743 587 1820 ignaviam
607 1743 755 1803 fortitudo.
801 1745 908 1819 Itaque
928 1742 1029 1803 videas
1046 1744 1135 1803 rebus
1153 1742 1268 1803 iniustis

266 1840 359 1901 iustos
375 1840 502 1900 maxime
523 1840 632 1914 dolere,
647 1838 817 1900 imbellibus
831 1839 921 1914 sortis,
937 1839 1088 1918 flagitiosis
1105 1843 1265 1903 modestos.

267 1941 345 2018 Ergo
359 1942 418 2000 hoc
428 1938 579 2017 proprium
594 1950 639 1999 est
652 1937 744 1999 animi
757 1941 835 1999 bene
849 1937 1011 2013 constituti,
1023 1948 1053 1999 et
1066 1938 1167 1999 laetari
1181 1937 1268 1999 bonis

266 2040 353 2099 rebus
367 2049 397 2099 et
410 2039 512 2098 dolere
526 2036 686 2098 contrariis.
730 2039 830 2112 Quam
847 2039 887 2098 ob
902 2057 963 2097 rem
979 2037 1003 2098 si
1014 2027 1096 2129 eadit
1109 2025 1143 2096 iri
1156 2037 1269 2115 sapien·
1282 2033 1322 2097 48

267 2146 329 2195 tem
356 2134 449 2195 animi
472 2136 565 2209 dolor,
589 2134 642 2212 qui
666 2136 799 2212 proiecto
824 2135 913 2208 cadit,
938 2134 995 2196 nisi
1019 2155 1056 2196 ex
1081 2133 1144 2195 eius
1167 2133 1268 2196 animo
1300 2153 1302 2158 ·

246 2234 454 2312 ,exstirpatam
482 2233 695 2294 humanitatem
723 2233 905 2306 arbitramur,
930 2253 1008 2310 quae
1029 2253 1119 2293 causa
1143 2220 1191 2294 'est
1217 2252 1270 2293 cur

266 2328 425 2388 amicitiam
445 2327 578 2387 funditus
597 2328 736 2386 tollamus
755 2346 772 2386 e
792 2325 861 2400 vita,
873 2345 912 2386 ne
930 2326 1044 2403 aliquas
1064 2336 1185 2403 propter
1200 2346 1267 2387 earn

266 2424 459 2502 suscipiamus
473 2423 645 2483 molestias?
680 2421 762 2498 Quid
773 2421 853 2505 enirn
867 2422 988 2482 interest
1002 2433 1085 2482 motu
1100 2421 1190 2482 animi
1204 2424 1269 2482 sub

266 2524 335 2596 lato,
341 2521 476 2582 nondico
486 2520 562 2581 inter
570 2521 717 2597 pecudem
728 2530 758 2581 et
765 2520 927 2592 hominem,
934 2519 1067 2580 sedinter
1074 2519 1228 2580 hominem
1239 2530 1270 2581 et

266 2631 402 2679 truncum
413 2628 464 2677 aut
473 2636 575 2677 saxum
585 2627 636 2677 aut
645 2616 762 2693 quidvis
773 2615 888 2695 generis
897 2615 1049 2676 eiusdem?
1070 2619 1178 2693 Neque
1189 2615 1268 2675 enim

245 2729 333 2781 ‚sunt
346 2718 394 2779 isti
407 2717 557 2790 audiendi,
572 2717 624 2794 qui
638 2718 776 2778 virtutem
790 2718 894 2777 duram
914 2727 943 2778 et
960 2716 1045 2795 quasi
1063 2719 1186 2778 ferream
1205 2737 1269 2778 esse

266 2817 416 2895 quandam
430 2817 554 2876 volunt:
576 2835 651 2892 quae
667 2815 788 2891 quidem
804 2825 848 2875 est
862 2834 930 2875 curn
944 2814 1044 2874 multis
1058 2815 1088 2874 in
1103 2809 1191 2875 rebus
1206 2825 1269 2874 turn

267 2916 298 2975 in
312 2913 442 2974 amicitia
455 2924 556 2973 tenera
574 2924 663 2989 atque
685 2911 852 2986 tractabilis,
868 2921 902 2972 ut
922 2922 952 2972 et
970 2911 1058 2972 bonis
1077 2910 1165 2971 amici
1185 2910 1270 2988 quasi

267 3010 448 3077 diffundatur
462 3017 493 3068 et
507 3008 706 3068 incommodis
720 3010 917 3068 contrahatur.
931 3011 1040 3085 ¹Quam
1051 3009 1091 3068 ob
1106 3028 1166 3068 rem
1178 3028 1270 3086 angor

266 3108 331 3179 iste,
346 3105 396 3184 qui
410 3125 464 3183 pro
477 3105 574 3165 amico
589 3125 677 3182 saepe
688 3105 851 3183 capiendus
866 3116 918 3178 est,
934 3125 996 3165 non
1007 3115 1122 3164 tantum
1136 3107 1221 3180 valet,
1237 3118 1269 3167 ut

245 3235 251 3271 ς
266 3205 349 3265 tollat
364 3203 455 3264 evita
472 3201 641 3276 amicitiam,
658 3222 718 3263 non
733 3204 799 3280 plus
816 3222 905 3279 quam
927 3213 960 3264 ut
972 3204 1103 3277 virtutes,
1119 3203 1189 3281 quia
1205 3225 1268 3266 non

266 3302 361 3361 nullas
374 3319 459 3360 curas
473 3312 502 3360 et
516 3300 664 3360 molestias
679 3302 813 3375 afferunt,
823 3300 1019 3378 repudientur.

325 3400 409 3459 XIV.
455 3400 532 3458 Cum
546 3407 645 3457 autem
660 3398 814 3457 contrahat
828 3396 998 3471 amicitiam,
1014 3409 1047 3460 ut
1061 3419 1149 3478 supra
1162 3401 1232 3475 dixi,
1244 3403 1269 3463 si

267 3498 350 3573 quasi
366 3493 541 3571 significatio
554 3492 668 3553 virtutis
688 3495 810 3567 eluceat,
826 3494 865 3554 ad
884 3514 974 3571 quam
991 3514 1023 3555 se
1037 3495 1138 3557 similis
1152 3497 1268 3558 animus

266 3589 394 3669 applicet
407 3600 437 3649 et
451 3588 602 3667 adiungat,
617 3589 648 3649 id
660 3609 728 3649 cum
743 3589 876 3668 contigit,
888 3610 973 3652 amor
986 3591 1133 3653 exoriatur
1146 3613 1268 3655 necesse

243 3697 319 3748 sest.
364 3685 445 3762 Quid
460 3687 540 3747 enim
554 3697 615 3746 tarn
628 3687 789 3747 absurdum
806 3708 897 3764 quarn
908 3689 1048 3750 delectari
1064 3691 1164 3750 multis
1178 3691 1269 3753 inani·
1282 3692 1320 3751 49

266 3783 322 3842 hus
335 3781 431 3854 rebus,
447 3790 479 3839 ut
498 3780 620 3854 honore,
635 3791 668 3840 ut
681 3781 782 3859 gloria,
797 3792 830 3842 ut
844 3783 989 3858 aedificio,
1005 3794 1038 3845 ut
1056 3785 1164 3846 vestitu
1178 3788 1269 3847 cultu-

266 3899 325 3959 que
347 3877 495 3957 corporis:
526 3877 677 3941 animante
694 3879 801 3942 virtute
818 3882 961 3959 praedito,
983 3903 1019 3944 eo
1034 3883 1083 3962 qui
1104 3885 1152 3945 vel
1170 3904 1269 3947 amare

266 3977 321 4052 vel,
336 3987 369 4038 ut
382 3975 424 4038 ita
437 3977 543 4054 dicam,
558 3979 711 4040 redamare
729 3977 832 4057 possit,
848 3999 909 4041 non
923 3980 1086 4042 admodum
1107 3981 1269 4044 delectari?
