3038 4876
298 691 337 747 40
694 672 893 734 LAELIUS
1184 667 1243 754 [XI
1258 688 1296 750 37

279 865 281 870 ,
296 801 464 862 Gracchum
482 800 709 880 rempublicam
727 812 883 863 vexantem
899 821 917 862 a
934 801 970 879 Q.
991 801 1150 863 Tuberone
1170 801 1297 880 aequali-

296 888 412 977 busque
445 898 547 960 amicis
581 898 754 959 derelictum
787 898 968 959 videbamus
1018 901 1059 959 At
1094 900 1128 960 C.
1165 898 1297 960 Blossius

296 999 459 1072 Cumanus,
480 1000 588 1076 hospes
610 998 736 1058 familiae
763 1009 883 1080 vestrae,
907 998 1055 1070 Scaevola,
1077 1017 1147 1057 cum
1171 998 1210 1057 ad
1237 1017 1295 1070 me,

296 1093 379 1167 quod
406 1094 525 1152 aderam
553 1093 676 1153 Laenati
703 1103 733 1154 et
760 1092 881 1169 Rupilio
908 1093 1078 1153 consulibus
1105 1091 1136 1151 in
1163 1091 1296 1166 consilio,

296 1188 487 1264 deprecatum
499 1188 635 1260 venisset,
651 1190 728 1248 hanc
742 1199 775 1248 ut
793 1187 848 1248 sihi
863 1187 1044 1266 ignoscerem
1065 1205 1185 1246 causam
1199 1188 1299 1248 affere·
1325 1218 1337 1255 ⁵

296 1283 355 1356 bat,
371 1285 453 1361 quod
467 1284 540 1344 tanti
553 1284 599 1345 Ti
616 1285 783 1345 Gracchum
798 1284 923 1356 fecisset,
938 1295 971 1344 ut
985 1283 1132 1361 quidquid
1145 1283 1195 1344 ille
1208 1284 1297 1345 vellet

296 1378 352 1441 sibi
366 1382 535 1442 faciendum
552 1395 674 1468 putaret.
717 1385 797 1443 Turn
811 1402 867 1460 ego
887 1383 1045 1454 ‘etiamne'
1059 1382 1191 1460 inquam,
1207 1381 1249 1442 ‘si
1267 1393 1297 1443 te

296 1477 327 1538 in
349 1478 529 1557 Capitolium
550 1481 628 1541 faces
649 1482 721 1542 ferre
742 1482 860 1542 vellet?’
910 1483 1097 1557 ‘Numquam
1110 1478 1251 1540 voluisset
1265 1479 1297 1540 id

296 1577 426 1656 quidem,
442 1582 504 1652 sed,
520 1578 545 1640 si
558 1581 705 1654 voluisset,
721 1579 902 1659 pamissem.’
939 1579 1064 1652 Videtis,
1079 1599 1169 1657 quam
1187 1579 1298 1640 nefaria

295 1696 362 1738 vox.
413 1679 452 1739 Et
468 1681 586 1740 hercule
607 1679 649 1740 ita
668 1678 746 1756 fecit,
762 1681 810 1740 vel
826 1680 892 1756 plus
910 1677 999 1740 e'tiam
1015 1699 1106 1756 quam
1125 1677 1216 1740 dixit:
1236 1698 1298 1741 non
1313 1711 1338 1740 ω

295 1775 376 1835 enim
393 1775 488 1854 paruit
505 1776 553 1836 ille
571 1776 616 1837 Ti.
641 1775 768 1836 Gracchi
784 1775 947 1846 temeritati,
967 1777 1021 1836 sed
1038 1774 1170 1853 praefuit,
1189 1794 1244 1835 nec
1265 1794 1297 1836 se

295 1873 436 1934 comitem
464 1873 540 1934 illius
566 1873 679 1945 furoris,
708 1874 772 1933 sed·
788 1874 896 1934 ducem
923 1872 1064 1951 praebuit
1108 1874 1214 1949 Itaque
1240 1873 1298 1932 hac

296 1969 433 2042 amentia,
452 1970 624 2048 quaestione
642 1989 720 2030 nova
738 1969 914 2048 perterritus,
932 1969 963 2029 in
981 1969 1085 2029 Asiam
1104 1969 1241 2046 profugit,
1257 1969 1298 2029 ad

296 2065 389 2126 hostis
410 2085 442 2126 se
462 2065 597 2140 contulit,
618 2085 729 2144 poenas
750 2065 792 2126 rei
811 2051 948 2144 publicae
962 2066 1056 2143 gravis
1071 2065 1222 2142 iustasque
1235 2084 1299 2143 per-

286 2161 392 2223 solvit.
436 2164 526 2222 Nulla
539 2155 594 2222 'est
618 2161 705 2240 igitur
728 2161 879 2222 excusatio
903 2159 1028 2239 peccati,
1055 2159 1080 2219 si
1100 2159 1188 2220 amici
1210 2179 1300 2221 causa
1314 2190 1337 2229 ις

296 2259 482 2335 peccaveris:
504 2279 582 2334 nam,
605 2279 673 2319 cum
695 2258 878 2319 conciliatrix
898 2257 1044 2319 amicitiae
1063 2257 1178 2319 virtutis
1195 2259 1298 2336 opinio

297 2355 391 2429 fuerit,
407 2355 525 2416 difficile
547 2365 592 2415 est
611 2355 772 2414 amicitiam
792 2375 920 2427 manere,
936 2354 961 2414 si
980 2375 999 2414 a
1016 2353 1122 2415 virtute
1143 2355 1294 2414 defeceris.

242 2451 283 2510 38
299 2452 389 2528 Quod
404 2452 428 2511 si
442 2462 554 2512 rectum
573 2450 760 2512 statuerimus
778 2451 826 2511 vel
846 2452 1011 2510 concedere
1031 2449 1134 2509 amicis
1151 2448 1297 2527 quidquid

296 2548 387 2608 velint
401 2548 448 2609 vel
462 2547 618 2624 impetrare
631 2549 671 2606 ab
685 2546 727 2606 eis
737 2546 882 2623 quidquid
897 2546 1027 2627 velimus,
1038 2547 1168 2622 perfecta
1176 2545 1297 2623 quidem

221 2634 222 2637 ¹
297 2646 444 2724 sapientia
457 2645 481 2706 si
496 2646 595 2719 simus,
610 2644 683 2704 nihil
697 2646 807 2704 habeat
820 2664 866 2705 res
880 2643 951 2718 viti,
972 2645 1025 2704 sed
1039 2643 1189 2722 loquimur
1201 2645 1241 2705 de
1255 2644 1298 2706 eis
1312 2676 1338 2705 ω

296 2743 406 2816 amicis,
422 2743 473 2821 qui
493 2754 562 2802 ante
583 2742 686 2801 oculos
707 2751 784 2814 sunt,
799 2760 874 2818 quos
894 2741 1030 2803 videmus
1053 2751 1105 2800 aut
1128 2743 1168 2800 de
1189 2741 1297 2818 quibus

296 2841 469 2903 memoriam
486 2840 663 2918 accepimus,
682 2858 759 2916 quos
778 2838 861 2899 novit
880 2838 941 2900 vita
958 2837 1132 2898 communis.
1175 2839 1223 2898 Ex
1238 2839 1298 2898 hoc

296 2958 421 3000 numero
430 2938 517 2999 nobis
527 2939 662 3013 exempla
670 2936 815 2995 sumenda
825 2945 901 3008 sunt,
914 2946 944 2995 et
958 2954 1060 2995 eorum
1071 2933 1193 3011 quidem
1207 2934 1298 2995 maxi·

238 3037 283 3114 Ι39
297 3055 354 3110 me,
370 3035 421 3113 qui
435 3036 474 3094 ad
488 3033 662 3111 sapientiam
680 3031 812 3109 proxime
826 3033 979 3092 accedunt.
1021 3030 1167 3090 Videmus
1182 3033 1297 3107 Papum

296 3133 456 3193 Aemilium
472 3132 505 3194 C.
519 3129 649 3191 Luscino
660 3129 832 3188 familiarem
843 3128 946 3189 fuisse:
960 3127 1030 3188 sica
1043 3127 1175 3204 patribus
1186 3128 1300 3206 accepi·
1313 3157 1337 3196 ης

297 3247 371 3301 mus,
383 3226 429 3288 bis
438 3247 497 3286 una
508 3226 654 3299 consules,
665 3226 793 3303 collegas
804 3224 834 3283 in
849 3243 990 3298 censura,
1010 3235 1075 3284 tum
1088 3234 1118 3283 et
1131 3243 1200 3283 curn
1214 3223 1257 3284 eis
1267 3234 1298 3285 et

296 3327 373 3388 inter
385 3346 417 3387 se
431 3324 691 3387 coniunctissimos
701 3323 791 3384 fuisse
806 3325 856 3383 M'.
873 3322 1004 3397 Curium,
1013 3321 1059 3382 Ti.
1076 3321 1297 3385 Coruncanium

296 3422 455 3484 memoriae
469 3420 618 3499 proditum
635 3432 688 3481 est.
732 3420 826 3498 Igitur
845 3439 884 3479 ne
902 3416 1043 3496 suspicari
1056 3417 1178 3495 quidem
1195 3436 1298 3496 possu-

296 3539 362 3580 mus
372 3537 550 3597 quemquam
561 3518 666 3578 horum
676 3518 714 3585 ab
729 3517 826 3607 amico
840 3516 994 3595 quidpiam
1007 3515 1205 3591 contendisse,
1215 3518 1298 3594 quod

296 3629 400 3679 contra
418 3617 518 3692 fidem,
547 3626 649 3676 contra
673 3615 719 3676 ius
739 3605 904 3690 iurandum,
936 3626 1039 3676 contra
1065 3635 1128 3676 rem
1147 3615 1298 3694 publicam
1312 3649 1338 3690 30

296 3724 381 3775 esset
424 3714 504 3773 Nam
522 3711 580 3771 hoc
594 3711 718 3790 quidem
733 3710 764 3771 in
779 3711 885 3772 talibus
903 3710 970 3772 viris
985 3710 1055 3788 quid
1069 3710 1174 3772 attinet
1188 3707 1295 3787 dice're,

296 3813 322 3874 si
336 3811 539 3874 contendisset
552 3811 775 3888 impetraturum
788 3829 850 3870 non
864 3809 961 3884 fuisse,
977 3829 1045 3869 cum
1061 3808 1104 3870 illi
1120 3810 1297 3887 sanctissimi

296 3909 351 3972 viri
363 3909 479 3985 fuerint,
494 3928 590 3986 aeque
602 3919 703 3969 autem
717 3909 800 3969 nefas
814 3908 851 3968 sit
864 3909 921 3969 tale
935 3907 1046 3984 aliquid
1060 3918 1090 3969 et
1102 3909 1199 3969 facere
1214 3928 1298 3988 roga·
