3038 4876
209 732 321 793 xxrv
335 727 386 812 89]
556 731 624 790 ora
650 701 875 790 Arrrcrrrx.
1179 741 1217 808 ες

215 860 309 940 Serpit
323 861 403 923 enirn
416 859 519 922 nescio
533 881 594 938 quo
609 862 701 921 modo
715 880 769 938 per
782 858 916 920 omniurn
930 857 1005 920 vitas
1019 855 1149 919 amicitia
1162 866 1219 920 nec
1232 856 1271 919 87

214 959 304 1019 ullam
319 958 423 1020 aetatis
443 958 599 1036 degendae
615 957 761 1018 rationem
782 955 891 1034 patitur
911 974 976 1016 esse
993 965 1144 1032 expertem
1163 954 1218 1017 sui,

215 1054 295 1131 Quin
310 1056 399 1117 etiam
414 1055 439 1116 si
453 1055 520 1133 quis
534 1054 693 1132 asperitate
714 1073 750 1114 ea
771 1063 815 1115 est
836 1062 866 1114 et
885 1051 1068 1112 immanitate
1086 1063 1217 1128 naturae,

213 1170 387 1230 congressus
408 1162 441 1212 ut
462 1151 618 1212 hominurn
638 1150 730 1228 fugiat
750 1160 839 1227 atque
861 1149 965 1222 oderit,
988 1149 1106 1225 qualern
1130 1148 1219 1210 fuisse

189 1277 200 1317 ς
214 1248 339 1308 Athenis
353 1247 513 1308 Timonem
529 1246 630 1308 nescio
644 1266 733 1324 quem
743 1245 922 1322 accepimus,
935 1254 1036 1304 tamen
1050 1242 1075 1304 is
1085 1242 1146 1321 pati
1156 1262 1218 1303 non
1247 1302 1252 1309 ,

212 1345 313 1422 possit,
335 1356 369 1406 ut
389 1365 451 1406 non
472 1345 608 1423 anquirat
630 1347 767 1422 aliquem,
789 1344 871 1421 apud
892 1362 980 1420 quem
1003 1351 1120 1403 evomat
1140 1340 1219 1402 virus

212 1442 379 1503 acerbitatis
393 1462 471 1504 suae.
513 1446 613 1521 Atque
627 1444 685 1503 hoc
699 1441 827 1502 maxime
841 1441 1026 1514 iudicaretur,
1036 1439 1060 1501 si
1074 1439 1147 1518 quid
1161 1442 1220 1500 tale

206 1540 305 1616 -possit
324 1539 503 1618 contingere,
519 1551 551 1600 ut
572 1539 677 1617 aliquis
699 1558 755 1599 nos
776 1539 851 1599 deus
870 1558 906 1597 ex
925 1539 982 1596 bac
998 1537 1152 1597 hominurn
1165 1539 1219 1598 sre-

212 1637 332 1714 quentia
346 1639 462 1698 tolleret
475 1647 505 1697 et
519 1636 551 1696 in
569 1637 729 1698 solitudine
749 1635 865 1713 uspiam
886 1637 1045 1695 collocaret
1061 1646 1150 1711 atque
1167 1633 1217 1708 ibi,

174 1764 198 1792 10
211 1733 402 1811 suppeditans
430 1734 563 1794 omniurn
590 1754 696 1807 rerum,
724 1753 798 1811 quas
825 1743 930 1793 natura
950 1732 1106 1806 desiderat,
1129 1733 1220 1792 abun-

212 1829 344 1890 dantiam
364 1841 395 1891 et
415 1830 543 1908 copiam,
565 1831 693 1892 bominis
714 1831 843 1901 omnino,
857 1828 1021 1908 aspiciendi
1041 1838 1218 1907 potestatem
1259 1892 1260 1895 ,

213 1927 357 2088 eripereq
390 1929 465 2006 Quis
479 1938 540 1989 tam
555 1938 632 1990 esset
647 1931 757 1991 ferreus
771 1928 823 2007 qui
844 1949 910 1990 earn
923 1927 1015 1988 vitam
1029 1928 1103 1988 serre
1117 1937 1218 2004 posset

202 2025 320 2104 cuique
358 2047 399 2088 on
417 2030 543 2089 auferret
563 2030 690 2089 fructum
711 2030 895 2106 voluptatum
917 2027 1051 2088 omnium
1072 2028 1218 2088 solitudo?

212 2126 324 2185 Vemm
343 2092 413 2214 ἕζεο
433 2125 507 2186 illud
528 2137 581 2200 est,
597 2127 680 2204 quod
693 2146 712 2186 a
725 2126 888 2187 Tarentino
902 2126 1040 2202 Archyta,
1055 2135 1089 2184 ut
1102 2124 1217 2201 opinor,
1232 2125 1271 2184 88

174 2249 198 2288 ις
212 2219 272 2280 dici
299 2221 418 2282 solitum
445 2233 562 2284 nostros
590 2244 675 2284 senes
703 2242 935 2284 commemorare
962 2221 1062 2283 audivi
1089 2223 1127 2283 ab
1154 2221 1219 2282 aliis

214 2319 333 2380 senibus
347 2320 494 2381 auditum:
515 2320 540 2381 si
561 2321 627 2398 quis
647 2320 677 2380 in
699 2322 814 2382 caelum
828 2320 1010 2381 ascendisset
1024 2329 1219 2396 naturamque

213 2419 318 2481 mundi
345 2429 376 2480 et
402 2419 652 2498 pulchritudinem
677 2418 806 2481 siderum
833 2405 1038 2497 perspexisset,
1066 2417 1218 2478 insuavem

213 2517 293 2578 illam
319 2516 547 2578 admirationem
571 2517 598 2578 ei
626 2520 697 2592 fore,
722 2538 799 2595 quae
824 2515 1037 2579 iucundissima
1058 2515 1169 2590 fuisset,
1194 2514 1219 2575 si

212 2615 342 2695 aliquem
363 2615 410 2676 cui
429 2626 559 2677 narraret
579 2615 738 2678 habuisset.
781 2615 831 2678 Sic
846 2625 951 2676 natura
967 2607 1130 2677 solitarium
1146 2613 1219 2674 nihil

173 2746 199 2776 ιο
211 2726 291 2776 amat
304 2734 478 2791 semperque
493 2715 532 2774 ad
545 2715 667 2792 aliquod
681 2726 832 2793 tamquam
843 2713 1056 2775 adminiculum
1069 2712 1218 2785 adnititur,

213 2811 295 2888 quod
308 2809 338 2868 in
352 2809 531 2870 amicissimo
546 2829 666 2886 quoque
680 2809 882 2870 dulcissimum
897 2820 949 2869 est.

273 2908 387 2965 XXIV.
431 2905 491 2965 Sed
506 2924 574 2963 cum
589 2915 632 2965 tot
646 2904 736 2982 signis
751 2906 856 2965 eadem
875 2914 980 2964 natura
997 2904 1127 2964 declaret
1146 2904 1219 2980 quid

214 3000 283 3060 velit
304 2999 440 3076 anquirat
464 2999 621 3072 desideret,
646 3010 745 3060 tamen
769 2997 1008 3059 obsurdescimus
1030 2998 1131 3059 nescio
1158 3018 1219 3076 quo

214 3097 305 3157 modo
329 3115 386 3155 nec
409 3114 453 3168 ea,
476 3114 554 3171 quae
574 3095 612 3154 ab
633 3114 670 3154 ea
690 3113 854 3167 monemur,
876 3093 1021 3154 audimus.
1064 3096 1118 3153 Est
1138 3094 1219 3153 enim

174 3221 198 3260 ις
212 3190 307 3251 varius
322 3200 351 3250 et
366 3189 520 3266 multiplex
530 3208 600 3248 usus
614 3188 760 3248 amicitiae
775 3190 944 3266 multaeque
957 3206 1065 3269 causae
1079 3187 1221 3265 suspicio·

214 3305 285 3345 num
303 3284 559 3363 offensionumque
579 3286 695 3357 dantur,
711 3303 784 3362 quas
801 3295 865 3344 tum
883 3283 1001 3357 evitare,
1017 3293 1080 3342 tum
1094 3284 1217 3357 elevare,

213 3393 276 3443 tum
290 3383 364 3442 serre
378 3380 519 3458 sapientis
533 3390 585 3441 est.
616 3384 687 3442 Una
701 3380 751 3441 illa
765 3382 921 3442 subeunda
934 3391 979 3442 est
993 3379 1127 3455 offensio,
1142 3391 1174 3441 ut
1188 3390 1218 3442 et

213 3479 322 3541 utilitas
336 3478 367 3541 in
381 3479 511 3541 amicitia
523 3492 554 3542 et
567 3482 641 3542 fides
655 3480 826 3542 retineatur:
847 3500 917 3540 narn
932 3489 962 3541 et
975 3477 1118 3540 monendi
1131 3477 1219 3540 amici

213 3596 313 3654 saepe,
329 3587 398 3637 sunt
425 3588 455 3637 et
477 3577 660 3656 obiurgandi,
682 3587 712 3637 et
736 3578 812 3637 haec
832 3576 1005 3654 accipienda
1025 3574 1129 3648 amice,
1149 3595 1217 3635 cum

174 3707 200 3746 30
212 3676 356 3737 benevole
377 3677 459 3734 fiunt.
502 3675 562 3735 Sed
582 3674 684 3735 nescio
705 3694 765 3752 quo
786 3676 877 3736 modo
891 3693 993 3735 verum
1009 3683 1062 3750 est,
1085 3673 1166 3752 quod
1187 3671 1218 3733 in
1232 3673 1270 3733 89

213 3770 327 3834 Andria
340 3770 490 3831 familiaris
504 3790 588 3832 meus
602 3771 688 3833 dicit:
757 3819 759 3823 .

215 3990 217 3995 A
406 3916 576 3996 Obsequium
589 3918 700 3994 amatos,
715 3917 820 3979 veritas
832 3916 927 3978 odram
934 3907 1029 3995 parit.
