3038 4876
296 696 336 773 5⁶
692 660 891 756 truilos
1130 691 1252 776 [xx1v
1265 698 1305 774 89

296 825 428 888 Molesta
450 820 566 897 veritas,
588 821 736 901 siquidem
760 841 797 884 ex
817 841 853 884 ea
873 822 1003 884 nascitur
1023 821 1135 899 odium,
1157 825 1240 903 quod
1260 836 1306 889 est

294 941 444 984 venenum
468 921 614 983 amicitiae
636 923 690 984 sed
714 921 891 1000 obsequium
916 922 1010 982 multo
1031 920 1194 998 molestius,
1219 923 1304 1002 quod

295 1021 426 1100 peccatis
443 1019 600 1100 indulgens
618 1019 809 1099 praecipitem
828 1020 957 1082 amicum
976 1019 1043 1081 seni
1065 1019 1134 1081 sinit
1144 1042 1154 1096 ;
1174 1021 1304 1085 maxima

292 1129 395 1178 autem
409 1120 496 1196 culpa
509 1117 540 1178 in
555 1137 600 1194 eo,
616 1117 667 1197 qui
681 1129 712 1180 et
726 1118 878 1180 veritatem
892 1129 1065 1196 aspernatur
1079 1129 1109 1180 et
1122 1118 1154 1179 in
1167 1121 1303 1183 fraudem

295 1213 441 1291 obsequio
461 1214 627 1292 impellitur.
670 1215 761 1276 Omni
780 1212 867 1291 igitur
887 1215 944 1274 hac
965 1214 995 1275 in
1017 1235 1048 1277 re
1069 1216 1208 1278 habenda
1228 1217 1304 1280 ratio
1329 1249 1341 1288 ε

296 1322 326 1372 et
346 1311 498 1390 diligentia
519 1323 572 1386 est,
594 1311 721 1390 primum
745 1323 777 1373 ut
799 1311 925 1372 monitio
947 1311 1117 1386 acerbitate,
1137 1312 1250 1376 deiude
1269 1325 1303 1377 ut

294 1408 461 1486 obiurgatio
478 1408 660 1470 contumelia
674 1419 779 1469 careat
824 1409 862 1469 In
875 1407 1021 1485 obsequio
1035 1420 1143 1484 autern,
1158 1410 1302 1488 quoniam

293 1504 475 1566 Terentiano
492 1506 582 1566 verbo
601 1506 738 1566 lubenter
757 1504 874 1577 utimur,
890 1503 1119 1584 comitasadsit,
1139 1507 1302 1570 assentatio

293 1602 431 1663 vitiorum
452 1602 578 1664 adiutrix
596 1604 701 1681 procul
721 1615 900 1675 amoveatur,
915 1621 992 1678 quae
1011 1622 1072 1687 nou
1086 1604 1179 1665 modo
1192 1605 1301 1680 amico,

292 1701 346 1759 sed
366 1700 520 1778 delibero
540 1699 662 1775 quidem
682 1698 774 1774 digua
794 1708 853 1771 est;
872 1697 957 1757 aliter
977 1696 1057 1757 enim
1077 1716 1144 1757 cum
1164 1709 1300 1775 tyranno,
1317 1731 1340 1760 rc

242 1794 280 1852 90
295 1793 380 1855 aliter
392 1813 462 1853 cum
476 1778 700 1855 ami‘coli‘vi‘tur.
734 1792 828 1855 Cuius
841 1803 941 1853 autem
955 1810 1040 1853 aures
1054 1794 1172 1854 clausae
1185 1794 1301 1855 veritati

293 1900 371 1963 sunt,
386 1900 419 1950 ut
433 1890 471 1950 ab
485 1889 583 1949 amico
596 1907 698 1949 verum
717 1888 819 1949 audire
839 1897 977 1964 nequeat,
994 1886 1081 1948 huius
1101 1889 1180 1949 salus
1196 1890 1302 1971 despe-

292 1988 387 2048 randa
400 1998 453 2048 est.
495 1985 609 2048 Scitum
624 1998 669 2047 est
683 1985 764 2047 euim
778 1985 850 2046 illud
866 1983 999 2060 Catonis,
1014 1996 1047 2047 ut
1067 1988 1174 2048 multa:
1194 1986 1301 2050 melius

293 2086 333 2146 de
347 2084 525 2162 quibusdam
538 2086 660 2145 acerbos
674 2082 810 2145 inimicos
823 2082 937 2158 mereri,
952 2077 1239 2160 quam'eosamicos,
1249 2085 1302 2164 qui

293 2182 398 2244 dulces
417 2180 587 2256 videantur;
606 2181 673 2241 illos
694 2200 795 2242 verum
817 2199 906 2258 saepe
927 2181 1034 2256 dicere,
1049 2182 1105 2242 ho's
1126 2201 1299 2260 numquam.
1316 2218 1340 2257 ts

293 2282 394 2358 Atque
407 2279 480 2340 illud
493 2280 664 2352 absurdum,
674 2280 756 2355 quod
765 2278 802 2350 ei,
811 2279 861 2356 qui
877 2292 1043 2352 monentur,
1053 2300 1119 2341 eam
1133 2282 1301 2346 molestiam

294 2395 385 2454 quam
405 2379 517 2439 debent
537 2397 643 2455 capere
663 2397 726 2438 non
747 2379 876 2455 capiunt,
892 2398 958 2438 eam
970 2379 1091 2456 capiunt
1107 2397 1167 2456 qua
1188 2381 1301 2445 debent

293 2493 406 2536 vacare.
451 2475 596 2534 Peccasse
610 2471 690 2534 euim
709 2492 816 2534 senon
835 2488 991 2550 anguntur,
1007 2473 1155 2553 obiurgari
1173 2479 1300 2540 moleste

277 2568 404 2632 terunt:
431 2570 515 2647 quod
538 2580 641 2650 contra
665 2571 821 2647 oportebat
848 2570 959 2631 delicto
984 2572 1093 2645 dolere,
1116 2573 1299 2637 correctione

294 2667 424 2745 gaudere
1144 2717 1148 2723 .
1312 2705 1339 2734 ιο

241 2764 278 2822 91
354 2763 453 2822 XXV.
496 2763 541 2823 Ut
562 2760 649 2840 igitur
678 2772 708 2822 et
735 2781 858 2823 monere
882 2773 912 2823 et
936 2762 1051 2822 moneri
1075 2764 1226 2842 proprium
1253 2779 1299 2830 est

293 2880 380 2921 verae
393 2859 549 2934 amicitiae,
565 2871 595 2919 et
609 2861 732 2919 alterum
747 2858 838 2921 libere
851 2860 957 2933 facere,
973 2879 1034 2919 non
1047 2880 1159 2938 aspere,
1174 2864 1298 2926 alterum

293 2958 438 3038 patienter
447 2957 589 3035 accipere,
601 2977 664 3018 non
678 2969 882 3036 repugnanter,
894 2957 937 3018 sic
950 2959 1121 3019 babendum
1132 2971 1176 3021 est
1187 2964 1300 3025 nullam

249 3096 251 3101 -
293 3059 324 3118 iu
338 3055 474 3118 amicitiis
487 3067 603 3135 pestem
617 3075 681 3117 esse
696 3056 846 3130 maiorem,
861 3075 952 3134 quam
970 3056 1170 3119 adulationem
1183 3061 1298 3123 blandi·

292 3156 362 3215 tiam
378 3153 621 3214 assentationem:
644 3152 778 3229 quamvis
792 3153 872 3214 enim
887 3153 986 3214 multis
1000 3156 1170 3217 nominibus
1180 3170 1226 3218 est
1238 3159 1298 3221 hoc
1311 3191 1336 3230 a,

291 3251 395 3312 vitium
406 3250 570 3309 notandum
584 3248 692 3309 levium
703 3248 857 3309 hominum
871 3260 961 3326 atque
974 3251 1131 3324 fallacium,
1142 3253 1182 3312 ad
1195 3255 1297 3332 volup-

240 3350 277 3409 92
292 3360 386 3410 tatem.
403 3345 589 3424 loquentium
611 3347 719 3418 omnia,
741 3346 815 3406 nihil
835 3347 874 3406 ad
893 3346 1053 3407 veritatem
1097 3349 1175 3410 Cum
1195 3363 1296 3412 autem

291 3445 425 3506 omnium
452 3462 550 3503 rerum
574 3443 722 3504 simulatio
745 3443 851 3505 vitiosa
873 3457 925 3517 est,
948 3445 1024 3504 tollit
1046 3444 1126 3507 enim
1153 3446 1296 3510 iudicium

291 3541 352 3604 veri
370 3541 460 3617 idque
480 3541 634 3614 adulterat,
650 3552 713 3600 tum
733 3540 880 3602 amicitiae
894 3553 1036 3619 repugnat
1050 3542 1196 3617 maxime3
1216 3545 1296 3608 delet

293 3639 373 3699 enim
387 3636 548 3710 veritatem,
565 3635 628 3696 sine
642 3656 702 3713 qua
716 3656 826 3697 nomen
840 3637 988 3697 amicitiae
1001 3640 1099 3699 valere
1112 3659 1174 3700 nou
1188 3654 1295 3718 potest.
1310 3676 1336 3716 ,ο

292 3736 371 3794 Nam
392 3749 460 3790 cum
480 3729 626 3791 amicitiae
645 3732 690 3792 vis
711 3733 748 3792 sit
767 3733 798 3792 in
819 3752 864 3807 eo,
880 3744 911 3792 ut
926 3752 1003 3793 uuus
1016 3734 1100 3810 quasi
1113 3734 1230 3796 animus
1243 3738 1295 3800 fiat

291 3848 327 3890 ex
340 3827 472 3910 pluribus
476 3847 490 3903 ς,
499 3825 559 3905 qui
572 3827 604 3888 id
617 3827 679 3887 fieri
693 3828 808 3913 poterit,
824 3829 849 3888 si
868 3847 906 3903 ne
920 3827 951 3888 in
965 3847 1026 3889 uno
1039 3829 1161 3906 quidem
1174 3848 1295 3908 quoque

291 3939 368 3985 unus
385 3918 504 3981 animus
523 3917 579 3981 erit
597 3917 737 3999 idemque
756 3938 879 3998 semper,
894 3921 948 3982 sed
966 3919 1063 3982 varius
1075 3921 1294 3985 commutabilis
