3038 4876
294 707 332 766 μ
687 694 886 756 exessus
1188 656 1250 778 [tv
1264 717 1301 774 14

293 819 367 881 nihil
388 819 466 881 mali
508 823 603 884 Sensu
625 823 705 883 enim
729 824 838 885 amisso
862 826 895 886 fit
917 824 1006 901 idem,
1028 824 1112 903 quasi
1132 837 1219 888 natus
1239 848 1302 889 non

294 929 372 978 esset
386 917 519 998 omnino,
534 938 624 996 quem
638 929 737 980 tamen
757 940 822 982 esse
840 933 944 983 natum
964 934 994 983 et
1012 942 1067 983 nos
1085 925 1251 1002 gaudemus
1271 937 1301 986 et

242 1016 279 1075 15
294 1018 369 1077 haec
388 1015 498 1090 civitas,
514 1018 586 1076 dum
607 1017 668 1090 erit,
690 1019 854 1080 laetabitur.
899 1020 998 1095 Quam
1019 1021 1142 1081 ob-rem
1162 1041 1231 1081 cum
1248 1021 1301 1082 illo

294 1111 424 1188 quidem,
449 1121 483 1172 ut
504 1131 592 1189 supra
613 1111 684 1187 dixi,
709 1123 810 1173 actunt
831 1115 944 1191 optime
969 1126 1022 1190 est,
1044 1136 1162 1176 mecum
1190 1116 1301 1176 incom-

294 1206 421 1281 modius,
439 1226 528 1284 quem
545 1209 639 1268 suerat
655 1208 787 1286 aequius,
806 1220 841 1269 ut
860 1210 942 1288 prius
961 1210 1139 1285 introieram,
1161 1213 1204 1272 sic
1219 1211 1300 1288 prius
1328 1242 1341 1281 5

295 1304 375 1366 exire
389 1307 427 1367 de
440 1306 507 1367 vita
541 1307 611 1367 'Sed
626 1319 726 1367 tamen
745 1307 951 1368 recordatione
965 1317 1082 1367 nostrae
1096 1307 1243 1368 amicitiae
1257 1307 1300 1369 sic

295 1404 382 1476 fruor,
403 1413 436 1463 ut
456 1405 545 1464 beate
565 1402 672 1464 vixisse
693 1404 801 1479 videar,
825 1404 896 1481 quia
916 1424 985 1464 curn
1007 1404 1146 1481 Scipione
1168 1404 1298 1479 vixerim,

295 1519 425 1579 quocum
450 1500 521 1560 mihi
545 1500 705 1561 coniuncta
726 1520 796 1561 cura
816 1502 855 1561 de
875 1501 994 1579 publica
1015 1521 1046 1562 re
1068 1513 1097 1563 et
1125 1503 1165 1562 de
1187 1501 1301 1578 privata

294 1598 358 1674 fuit,
373 1619 502 1677 quocum
517 1611 546 1661 et
561 1600 668 1659 domus
682 1599 738 1660 tuit
751 1611 781 1660 et
794 1598 899 1660 militia
912 1600 1080 1661 communis
1094 1611 1132 1675 et,
1147 1600 1178 1660 id
1192 1599 1222 1660 in
1237 1619 1300 1678 quo

295 1697 391 1757 omnis
405 1697 448 1758 vis
467 1708 512 1757 est
530 1697 685 1771 amicitiae,
700 1701 884 1758 voluntatum
903 1698 1068 1758 studiorum
1088 1701 1298 1759 sententiarum
1316 1732 1338 1759 n

295 1811 411 1852 summa
425 1792 590 1853 consensio.
620 1795 727 1870 Itaque
740 1812 801 1853 non
816 1805 877 1854 tam
891 1793 947 1854 ista
961 1813 1009 1854 me
1024 1793 1193 1871 sapientiae,
1209 1815 1299 1872 quam

294 1891 388 1949 modo
402 1889 533 1949 Fannius
541 1889 792 1962 commemoravit,
803 1891 881 1949 sarna
890 1890 1027 1964 delectat,
1037 1891 1110 1950 falsa
1118 1891 1298 1966 praesertim,

294 2005 385 2064 quam
400 1988 481 2064 quod
499 1986 646 2047 amicitiae
659 1999 779 2047 nostrae
796 1987 969 2047 memoriam
986 2005 1073 2064 spero
1092 1986 1300 2064 sempiternam

294 2086 365 2159 sore,
381 2085 471 2162 idque
486 2104 523 2145 eo
531 2083 604 2144 mihi
617 2084 710 2161 magis
725 2095 769 2145 est
783 2083 874 2158 cordi,
884 2084 966 2161 quod
977 2104 1013 2145 ex
1021 2083 1161 2144 omnibus
1175 2084 1301 2146 saeculis

294 2181 352 2256 vixv
365 2181 420 2243 tria
439 2193 490 2243 aut
510 2193 651 2260 quattuor
671 2181 862 2242 nominantur
881 2182 963 2260 paria
983 2182 1155 2256 amicorum,
1178 2200 1239 2258 quo
1268 2182 1300 2242 in
1316 2216 1334 2252 η

295 2296 403 2354 genere
424 2296 541 2354 sperare
564 2276 667 2340 videor
690 2277 836 2355 Scipionis
858 2288 889 2339 et
913 2278 995 2339 Laeli
1015 2277 1178 2338 amicitiam
1198 2289 1300 2340 notam

294 2373 458 2451 posteritati
472 2376 541 2436 sore.
1014 2440 1017 2451 ,

242 2470 280 2528 16
356 2472 510 2530 quurus
555 2473 638 2532 Istuc
661 2470 791 2548 quidem,
817 2472 909 2543 Laeli,
934 2471 976 2531 ita
999 2491 1121 2532 necesse
1146 2481 1197 2531 est.
1240 2473 1300 2532 Sed

295 2567 436 2644 quoniam
451 2565 598 2626 amicitiae
611 2566 794 2628 mentionem
808 2567 904 2628 fecisti
917 2578 947 2627 et
961 2586 1061 2627 sumus
1075 2567 1171 2640 otiosi,
1186 2586 1301 2646 pergra-

273 2646 280 2752 Ξ
294 2675 359 2725 tum
368 2663 679 2742 mihiseceris—spero
693 2664 765 2725 item
775 2664 1010 2738 Scaevolae—si,
1020 2683 1111 2741 quem
1122 2666 1161 2724 ad
1175 2667 1300 2726 modum
1316 2697 1327 2724 ι

277 2780 280 2806 ·
295 2763 373 2822 soles
387 2762 426 2823 de
440 2760 544 2822 ceteris
558 2762 655 2834 rebus,
670 2780 739 2822 cum
753 2780 790 2822 ex
803 2771 833 2822 te
847 2772 1036 2838 quaeruntur,
1052 2759 1095 2820 sic
1115 2762 1154 2821 de
1170 2760 1301 2822 amicitia

294 2862 452 2940 disputaris
476 2863 548 2942 quid
572 2862 690 2936 sentias,
712 2863 829 2939 qualem
857 2860 1014 2934 existimes,
1039 2880 1117 2959 quae
1143 2871 1301 2938 praecepta

295 2960 357 3019 des.
393 2961 562 3022 Scxnvocx.
587 2958 665 3020 Mihi
683 2978 752 3019 vero
766 2957 819 3019 erit
833 2967 956 3036 gratum,
970 2969 1060 3036 atque
1075 2956 1106 3016 id
1120 2957 1217 3034 ipsum
1231 2976 1312 3042 curng

294 3068 394 3117 tecum
423 3076 509 3135 agere
534 3076 664 3129 conarer,
691 3055 820 3115 Fannius
844 3055 1013 3115 antevertit:
1051 3073 1142 3133 quam
1170 3055 1210 3115 ob
1237 3046 1312 3135 rem

294 3155 410 3231 utrique
424 3165 559 3215 nostrum
572 3165 685 3233 gratum
699 3153 863 3213 admodum
877 3150 991 3213 seceris.
1315 3184 1325 3211 2

214 3247 216 3252 ’
242 3253 279 3315 17
354 3255 390 3315 V.
421 3255 567 3314 Lirnns.
605 3255 669 3330 Ego
690 3270 760 3312 vero
774 3269 835 3310 non
849 3269 990 3327 gravarer,
1008 3247 1033 3310 si
1047 3248 1119 3309 milri
1134 3249 1197 3328 ipse
1211 3250 1301 3310 confi-

294 3352 404 3427 derem,
424 3371 494 3412 nam
508 3350 701 3429 et-praeclara
717 3368 763 3410 res
785 3357 829 3410 est
849 3359 877 3409 et
892 3366 1002 3422 sumus,
1018 3359 1051 3408 ut
1070 3347 1144 3410 dixit
1158 3348 1299 3423 Fannius,

295 3447 391 3510 otiosi.
435 3450 494 3510 Sed
504 3448 570 3526 quis
585 3468 640 3526 ego
655 3451 780 3508 sumant
795 3465 872 3524 quae
886 3456 930 3506 est
943 3444 975 3505 in
989 3465 1038 3506 me
1052 3445 1201 3505 facultas?
1222 3447 1301 3506 Doc-

293 3555 391 3606 torum
406 3555 450 3604 est
465 3543 521 3604 ista
540 3545 727 3604 consuetudo
744 3561 839 3619 eaque
857 3543 1049 3614 Graecorum,
1063 3551 1096 3600 ut
1115 3540 1157 3601 eis
1173 3552 1301 3619 ponatur

293 3643 333 3702 de
347 3660 407 3718 quo
421 3641 574 3718 disputent
587 3641 721 3718 quamvis
736 3640 840 3700 subito.
872 3641 1017 3714 Magnum
1029 3657 1103 3716 opus
1117 3650 1161 3698 est
1176 3648 1302 3716 egetque
1317 3676 1320 3708 ;

294 3738 505 3816 exercitatione
522 3757 584 3798 non
602 3757 699 3814 parva.
744 3736 842 3811 Quam
862 3736 903 3795 ob
923 3754 985 3794 rem
1004 3752 1081 3810 quae
1101 3734 1244 3810 disputari
1263 3735 1302 3795 de

293 3833 422 3896 amicitia
435 3823 624 3912 possunt‚ab
638 3832 680 3895 eis
698 3851 808 3912 censeo
827 3830 944 3909 petatis,
959 3830 1010 3907 qui
1031 3831 1088 3890 ista
1105 3831 1300 3908 profitentur:

294 3951 349 4011 ego
363 3950 416 3995 vos
430 3930 541 3994 hortari
556 3941 672 3993 tantum
684 3949 816 4008 possum,
831 3941 865 3991 ut
885 3928 1045 3991 amicitiam
1060 3929 1198 3991 omnibus
1211 3932 1300 3991 rebus
